4762 6030
221 778 554 911 Etrmiogicum,
614 804 716 913 quod
743 834 891 907 vocant,
927 816 1136 913 megaron,
1180 808 1326 887 maximi
1360 810 1517 916 semper,
1561 838 1680 915 neque
1708 811 1906 905 immerito,
1955 810 2075 887 fecitte
2108 812 2203 889 viros
2234 816 2272 890 in

224 916 415 1019 republica
439 916 596 989 literaria
630 916 831 1018 principes,
873 946 1001 993 cortrm
1028 920 1164 1011 nlltnu,
1206 918 1270 1016 qni
1298 919 1521 1017 primoribus
1558 920 1683 993 saltmu
1711 919 1823 993 labris
1852 942 2058 1015 graecarum
2088 918 2275 993 literatum

223 1022 422 1117 attigerunt
452 1019 617 1111 delicias,
660 1021 771 1094 latere
796 1024 932 1121 nequit.
1002 1022 1107 1095 Licet
1130 1020 1245 1112 eninr,
1285 1022 1388 1119 quod
1412 1024 1533 1119 negari
1559 1025 1709 1097 minime
1736 1020 1868 1121 potcll,
1902 1046 2026 1095 avaro
2049 1020 2275 1121 saepiuscule·

224 1122 446 1197 aberraverit
471 1122 591 1221 operis
611 1120 719 1193 buius
745 1147 889 1213 auctor,
916 1127 1006 1223 quin
1034 1147 1069 1198 et
1096 1124 1309 1223 ineptiores,
1340 1154 1449 1225 qnam
1474 1131 1524 1197 l'as
1552 1126 1619 1217 ell,
1654 1126 1756 1225 saepe
1784 1122 1926 1197 dederit
1950 1152 2080 1199 vocum
2103 1124 2272 1223 origines,

225 1224 291 1301 sua
311 1246 432 1299 tamen
458 1223 569 1297 laude
584 1224 869 1323 haudquaquam
885 1227 1080 1328 privandus
1108 1228 1194 1315 erit3
1228 1254 1347 1327 neque
1369 1230 1488 1303 omnis
1510 1258 1674 1305 ermrum
1696 1230 1805 1328 culpa
1831 1222 2008 1328 iri-ipsum
2037 1227 2154 1301 solum
2179 1226 2274 1300 deri·
2351 1274 2357 1279 -

226 1326 362 1417 sanda,
399 1354 524 1403 verum
552 1330 590 1401 in
617 1354 678 1403 eos
707 1330 943 1427 potillimum,
991 1358 1149 1431 qnorum
1177 1328 1442 1406 observationes
1469 1334 1691 1407 exscribebat
1717 1353 1874 1417 tauttnn,
1920 1329 2129 1430 llndioque,
2169 1329 2275 1430 quod

227 1431 378 1533 ineptiis
403 1432 517 1531 frangi
544 1458 618 1505 non
641 1452 800 1531 poterat,
831 1435 867 1506 in
890 1462 985 1535 opus
1010 1435 1116 1507 lirum
1139 1416 1382 1509 transferebat.
1444 1438 1547 1523 Quos
1571 1438 1716 1510 iuterim
1740 1435 1794 1507 vel
1824 1433 1897 1533 ipse
1918 1434 2114 1526 commilit,
2144 1435 2201 1507 vel
2229 1460 2274 1509 et

225 1536 310 1611 aliis
334 1534 450 1607 haelit
473 1560 613 1609 errores
639 1537 916 1635 etymologicus,
962 1568 982 1611 ιι
1007 1538 1138 1639 quibus
1162 1566 1207 1611 ue
1233 1538 1512 1637 praellautillimi
1538 1538 1688 1637 quidem
1710 1540 1954 1629 Graeeortun,
1995 1544 2163 1611 Socrrrtes
2186 1565 2217 1611 v.
2241 1566 2272 1609 c.

225 1660 265 1713 et
295 1644 420 1727 Pluto,
466 1638 504 1709 in
535 1636 748 1736 indagandis
777 1643 987 1715 vernaculae
1018 1642 1236 1739 originibus,
1287 1644 1434 1713 suetmn
1468 1644 1573 1715 liberi
1601 1646 1643 1737 ¹),
1691 1638 1834 1714 abunde
1868 1640 2100 1739 compensare
2131 1638 2274 1712 videtur

227 1762 357 1815 auctor
391 1738 596 1815 eruditione
621 1741 749 1837 utique
777 1741 878 1814 band
899 1746 1054 1848 vulgari,
1100 1770 1211 1839 quam
1240 1743 1357 1817 ubivis
1382 1746 1554 1823 ostendit:
1596 1744 1715 1817 doctis
1741 1765 1923 1843 praeterea
1949 1744 2184 1841 plurimarum
2208 1770 2271 1817 vo·

115 1876 120 1909 τ
228 1872 333 1935 cnm,
374 1844 547 1942 exemplis
572 1865 732 1917 veterum
765 1847 933 1939 nutnitis,
975 1846 1293 1920 illnllratiouibus:
1336 1849 1537 1947 praeceptis
1571 1847 1731 1944 deniqne
1762 1846 2020 1945 grammaticis,
2062 1846 2272 1919 interiorem

111 2292 137 2395 l

229 1948 373 2045 linguae
399 1946 529 2021 faciem
552 1944 898 2041 demonllrantilms,
930 1948 1198 2047 suavissimaque
1222 1948 1307 2021 bine
1337 1949 1423 2022 iude
1455 1952 1710 2050 antiquitatum
1736 1970 1772 2024 et
1804 1976 1923 2021 rernm
1946 1948 2273 2049 mythologie-arum

229 2048 491 2149 explicatione,
533 2049 578 2122 ad
610 2049 813 2147 pleniorem
843 2054 972 2125 veteris
1003 2054 1078 2127 aevi
1105 2073 1422 2127 monumentorum
1459 2054 1683 2127 intellectum
1718 2053 1866 2151 cognitu
1893 2078 2001 2148 quam
2028 2054 2180 2124 niaxime
2211 2078 2273 2125 ne·

226 2150 466 2227 cellarierum.
533 2156 774 2227 Praeclaram
805 2153 921 2247 enim,
958 2154 1040 2229 sunt
1065 2157 1171 2229 verba
1195 2160 1230 2228 J.
1254 2159 1302 2230 A.
1330 2159 1496 2229 eborini
1516 2162 1567 2255 ²),
1616 2156 1757 2227 exhibet
1780 2159 1948 2252 syllogen
1981 2157 2278 2253 observationum

226 2260 348 2329 omnir
376 2260 543 2351 generis,
582 2260 942 2351 grarrrrnnticarum,
989 2262 1335 2355 ep‘nrolrgricmrrm,
1388 2263 1714 2357 npemagnarmn
1749 2274 1786 2329 et
1809 2264 2032 2350 lexiemrrnt,
2078 2286 2124 2331 ex
2158 2263 2275 2330 variis

221 2365 507 2459 grammaticis,
547 2364 797 2455 eprrtodrgicir
822 2375 859 2432 et
889 2366 1014 2435 lccri'cis
1041 2368 1316 2459 congessuruum
1361 2367 1526 2459 (limesia
1547 2377 1751 2459 praeterr-n
1782 2363 1916 2455 triginti
1942 2366 2101 2458 quinque
2125 2367 2185 2433 vel
2209 2366 2276 2433 tri·

221 2469 335 2563 ginta
362 2467 507 2534 circiter
531 2469 758 2560 propitiorum
787 2492 911 2553 voees,
950 2473 1104 2542 Aeolum
1133 2470 1285 2557 seilicet,
1334 2470 1674 2539 Alenarulrinorrmr
1684 2519 1696 2552 ,
1743 2467 1932 2553 Arabum,
1979 2470 2177 2557 Persarum
2207 2486 2274 2538 etc.

119 2608 127 2625 ·
230 2562 419 2643 manisello
446 2565 601 2660 iudicio,
634 2589 835 2659 auctorem,
868 2569 1034 2669 quisquis
1055 2568 1201 2643 tandem
1228 2568 1258 2640 is
1280 2570 1408 2663 suerit,
1441 2568 1615 2643 ver-illium
1643 2567 1689 2641 de
1714 2565 1750 2641 se
1772 2568 1947 2639 alib-mare
1972 2566 2143 2667 potuisse,
2184 2572 2280 2640 nilril

116 2680 130 2733 l

213 2678 264 2771 fi
286 2673 406 2765 studii
438 2686 474 2741 et
501 2673 636 2742 laboris
663 2673 906 2769 interrrrisrffi,
955 2702 1025 2769 qno
1056 2680 1199 2759 tainus,
1244 2674 1385 2769 preffirs
1415 2678 1497 2745 licet
1530 2676 1707 2769 egestate,
1761 2675 1948 2766 coriisque
1969 2674 2162 2767 fidemque
2184 2674 2274 2763 sere

119 2808 124 2819 ·
225 2800 377 2849 omnem
388 2777 828 2872 strpernntibus.incte!ua
851 2780 1021 2867 molestiis
1042 2796 1079 2849 et
1102 2778 1394 2868 attrectationem,
1429 2804 1519 2873 epm
1537 2781 1777 2874 praeclarum
1798 2790 1907 2871 atque
1927 2779 2012 2846 utile
2031 2776 2273 2866 elamor-aret,

119 3472 147 3879 Ξ

211 2880 359 2975 suoque
384 2883 539 2973 dignum
567 2882 715 2973 iugenio
741 2896 1019 2951 morutrrtentam
1037 2886 1122 2977 post
1144 2888 1190 2972 sc
1216 2882 1439 2977 relinqueret
1461 2882 1497 2978 ³).
1566 2878 1665 2953 llaec
1698 2878 1820 2977 itaque
1843 2904 1927 2949 etun
1960 2878 2008 2949 ita
2042 2877 2076 2948 se
2106 2879 2273 2969 babeant,

227 2982 364 3055 mirum
386 2981 524 3054 nemini
546 2980 662 3055 videri
684 2980 811 3076 debet,
842 2982 1004 3055 eruditos
1026 2984 1208 3081 egregium
1231 2982 1303 3055 linc
1327 3009 1439 3083 opus,
1472 3010 1708 3077 magnorum
1735 2982 1860 3053 labore
1889 2982 2076 3079 multaque
2102 2979 2274 3053 indullria

225 3084 507 3177 concinnatum,
542 3084 689 3157 maximi
711 3085 851 3184 semper
879 3086 1090 3177 aellimall'e,
1123 3109 1180 3177 et,
1212 3114 1295 3159 etun
1322 3108 1471 3186 propter
1497 3086 1744 3184 exernplormu
1769 3083 1954 3183 pennrimn
1983 3083 2018 3153 in
2047 3084 2272 3183 paucillimo-

226 3214 314 3262 rum
336 3188 502 3261 manibus
523 3186 636 3261 hodie
659 3188 832 3277 versetur,
867 3186 1129 3287 diguillimnm,
1161 3191 1186 3261 li
1213 3188 1314 3288 qnod
1337 3190 1457 3283 aliud,
1490 3186 1683 3287 repntall'e,
1711 3209 1746 3257 ut
1771 3188 1865 3287 typis
1889 3187 2012 3258 denno
2036 3188 2270 3287 repetatm·⁴).

332 3289 452 3363 Dictis
472 3288 585 3362 modo
611 3291 730 3389 primo
753 3291 904 3389 quidem
927 3293 1062 3365 intuitu
1086 3290 1224 3365 obstare
1254 3292 1422 3367 videntur
1447 3294 1617 3393 repetitae
1635 3294 1879 3389 h'tyrrtologici
1906 3288 2105 3381 editiones,
2146 3311 2273 3388 quarta

126 3432 130 3439 ·
227 3392 303 3469 iam
331 3392 409 3465 vice
442 3394 560 3464 lucem
593 3392 735 3465 dudum
764 3421 851 3467 cum
883 3393 1026 3468 viderit.
1100 3394 1242 3468 Prodiit
1275 3396 1373 3467 enim
1405 3397 1523 3494 primo
1547 3399 1710 3471 Veneriis
1740 3398 1848 3487 ¹⁴99·
1881 3394 1996 3467 sorma
2028 3392 2272 3490 praecellenti,

222 3519 337 3595 opera
360 3498 568 3567 Zecltaricre
591 3500 783 3591 Gilliergi,
820 3502 974 3573 Nicoloo
1000 3502 1128 3591 Blasio
1147 3497 1284 3570 surmus
1308 3498 1538 3571 minillrante.
1604 3499 1708 3569 llane
1734 3496 1935 3569 editionem
1955 3496 2093 3592 excepit
2121 3497 2271 3567 alterna

126 3594 131 3605 ⁸
224 3602 336 3677 Friri.
367 3600 568 3689 Turrisuno
592 3620 729 3687 curata,
769 3599 835 3697 qui
865 3626 943 3671 eam
970 3598 1226 3672 additamentis
1256 3599 1473 3698 quilmsdam
1500 3599 1598 3672 baud
1626 3600 1743 3697 magui
1776 3598 1949 3670 momenti
1983 3598 2099 3689 ausit,
2141 3594 2270 3669 itidem

227 3704 393 3781 Venetiir
409 3706 519 3795 1549.
569 3700 798 3798 Sequebatur
813 3703 1065 3799 bylburgicma
1079 3699 1247 3791 εκδοσις,
1272 3730 1315 3775 ex
1330 3702 1596 3802 Tvpograpbeo
1606 3707 1834 3795 Hieronymi
1849 3704 2065 3774 Ornrrnelmi
2072 3758 2081 3795 ,
2105 3702 2271 3773 [niden.

230 3806 345 3899 1594.
379 3825 416 3878 et
443 3803 592 3877 tandem
622 3802 826 3897 novillima,
871 3826 1020 3878 curante
1054 3810 1261 3902 I'amrgioto
1294 3810 1506 3901 Sinmrerfi,
1554 3806 1685 3881 iterum
1720 3808 1901 3897 Veneriis,
1947 3830 2056 3898 rfro.
2132 3803 2273 3879 Verum

228 3908 405 3984 distractis
430 3906 574 4007 penitus
602 3907 772 3980 omnibns
803 3908 969 3982 omnium
1000 3906 1204 3981 editionum
1232 3911 1424 4008 exemplis,
1471 3910 1577 3983 toties
1605 3910 1731 3982 iterata
1759 3906 1911 3995 ικδοσις
1945 3930 2060 3981 novae
2091 3906 2271 3979 curandae

127 4060 133 4079 .
226 4032 400 4091 conatum
430 4038 472 4082 ac
497 4008 654 4083 lluditnn
684 4011 834 4085 minime
859 4010 1053 4109 probibere
1074 4012 1189 4099 valet,
1222 4011 1315 4085 adeo
1338 4040 1417 4085 rara
1439 4038 1525 4084 cum
1547 4010 1613 4084 lint
1636 4011 1801 4110 priorum
1823 4010 2005 4109 exempla,
2041 4029 2084 4083 ut
2105 4038 2178 4083 riou
2205 4008 2269 4082 uili

131 4154 134 4159 ·
226 4112 471 4191 bibliothecas
496 4114 630 4186 intrent
651 4112 916 4215 exquilitiores,
947 4114 1134 4213 pretioque
1155 4113 1237 4189 satis
1259 4142 1343 4190 caro
1364 4111 1566 4191 coemenda
1591 4112 1659 4184 smt
1678 4117 1712 4213 ’t
1773 4112 1872 4185 Hinc
1893 4114 1951 4186 vel
1974 4113 2005 4184 is
2029 4108 2094 4184 libi
2115 4112 2272 4186 lrnmuo⁴

129 4256 138 4269 ι
228 4244 317 4321 pere
340 4214 538 4289 devinciret
555 4215 734 4308 eruditos,
766 4218 849 4317 qni,
877 4218 1013 4316 absque
1033 4219 1113 4289 ullo
1136 4218 1208 4291 alio
1232 4220 1357 4292 labore
1380 4218 1417 4290 in
1442 4215 1664 4289 utilillimnm
1690 4216 1762 4291 hoe
1787 4242 1879 4315 opus
1900 4213 2081 4315 impenso,
2114 4214 2210 4287 illud
2233 4216 2285 4295 in,

127 4502 143 4635 ἓ

124 4760 146 4851 l

230 4346 376 4425 graecae
407 4318 550 4419 liuguae
578 4319 819 4393 lludiosmmn
852 4318 953 4413 usus,
993 4345 1039 4392 ne
1069 4320 1246 4393 fructibus
1275 4320 1405 4395 exinde
1433 4318 1644 4393 hauriendis
1673 4320 1828 4419 amplius
1859 4338 2021 4411 careant,
2067 4315 2188 4391 denuo
2216 4345 2271 4391 re·

229 4422 320 4499 cudi
344 4445 502 4496 curaret:
528 4424 613 4495 licet
635 4422 703 4494 hac
731 4424 868 4496 ratione
896 4450 1020 4520 qrannn
1049 4422 1235 4495 eornmodi
1256 4424 1293 4494 in
1316 4422 1433 4521 ipsum
1451 4426 1742 4521 Etymologicnm
1766 4420 2001 4512 redundaret,
2028 4418 2269 4520 dignillimum

229 4526 330 4618 sane,
364 4546 425 4617 nt,
464 4528 623 4699 euqlctis,
662 4552 753 4625 quae
781 4526 932 4625 reperiri
960 4523 1122 4626 polluat,
1166 4524 1400 4599 adminiculis
1424 4524 1616 4624 adhibitis,
1661 4524 1699 4601 iu
1728 4524 1920 4627 prilliuunt
1942 4523 2081 4625 ipliquc
2108 4522 2269 4597 debitum

224 4627 455 4731 splendorem
481 4655 519 4701 re
549 4628 692 4702 ituatur.

274 4898 305 4981 ι)
324 4898 404 4961 viae
417 4900 454 4958 bs
476 4898 569 4959 modo
584 4898 750 4961 Platorem
772 4898 803 4958 in
825 4898 964 4979 Cratyio,
988 4896 1049 4978 Op.
1066 4896 1102 4957 T.
1116 4894 1138 4957 l.
1154 4898 1231 4960 edit.
1272 4899 1385 4973 sentia,
1407 4898 1558 4960 nimirum
1573 4894 1783 4968 tersorium
1798 4894 1846 4989 'is‘
1864 4909 1939 4973 ele,
1958 4896 1997 4957 ab
2011 4890 2270 4954 antecedentibus

224 4988 310 5051 δην.
330 5008 361 5067 p.
383 4986 455 5049 402.
476 4986 537 5064 leq.
564 4986 700 5067 origines
725 4986 887 5045 nominum
916 4984 982 5043 Diis
1015 4986 1229 5065 impositorum
1272 4986 1462 5046 secernenda
1479 4988 1549 5048 ell'e.
1594 4988 1787 5049 Peculiarem
1803 4989 1886 5047 euim
1903 4985 2031 5045 titulum
2047 4979 2248 5044 conllittmnt,

226 5092 270 5135 ex
292 5082 397 5131 mente
419 5074 559 5131 Socratis
578 5074 808 5143 recensentem,
842 5082 874 5131 et
897 5072 1054 5145 invenies,
1077 5070 1229 5151 sagacissi-
1316 5076 1348 5153 li)
1369 5070 2010 5153 viduamne·trittitndele'tymologia
2021 5068 2154 5133 Graeca·
2174 5066 2273 5123 ΕΜΓ·

226 5180 314 5219 ιιιιιιιι
341 5158 543 5236 caeteroquin
570 5158 675 5217 virum
704 5178 816 5217 revera
838 5178 935 5235 nugas
955 5176 1061 5235 agere,
1100 5158 1227 5217 deriva·
1270 5157 1691 5221 cneeiontburl’aitot.intv.
1706 5164 1740 5221 Τ.
1756 5161 1885 5233 adiecta,
1903 5178 1925 5237 p
1945 5156 1974 5219 3.
1989 5156 2119 5232 strtneq.
2135 5150 2223 5223 1713.
2242 5149 2272 5209 8.

225 5246 393 5320 tionesque
414 5245 560 5324 prolerre
591 5245 645 5319 iis,
683 5264 760 5323 quas
782 5242 985 5323 Etymologus
1005 5242 1153 5322 exhibet,
1188 5263 1230 5305 uo
1317 5242 1350 5325 ὁ)
1373 5244 1417 5302 lle
1439 5245 1570 5305 raritate
1592 5246 1748 5317 onmium,
1770 5266 1849 5325 qnae
1870 5242 2073 5323 prodierunt,
2097 5239 2270 5297 editiomrm

225 5330 296 5391 bilo
319 5328 476 5391 meliores.
1271 5328 1478 5409 Elymolegici
1497 5334 1538 5391 Μ.
1556 5342 1587 5391 et
1603 5334 1786 5412 praesertim
1805 5334 1940 5392 Venetae
1956 5328 2029 5387 atini
2053 5328 2130 5404 1¹qu
2158 5338 2186 5382 ct
2204 5322 2273 5399 Stl-

269 5414 307 5495 2)
332 5410 480 5473 Bretina.
492 5416 547 5473 Gr.
569 5414 602 5475 L.
617 5412 651 5474 V.
669 5434 695 5473 c.
712 5416 762 5475 lto.
779 5418 804 5493 §.
824 5414 851 5473 5.
874 5412 936 5473 live
949 5412 985 5472 T.
1001 5414 1036 5473 X.
1051 5435 1082 5495 p.
1100 5432 1151 5475 ao.
1270 5415 1444 5493 burgiuuae
1461 5418 1551 5495 1594,
1572 5420 1718 5499 pluribus
1734 5428 1829 5496 agunt
1845 5421 1930 5478 Dav.
1942 5416 2073 5477 &eruent
2083 5456 2092 5486 ,
2114 5421 2145 5470 et
2161 5420 2270 5467 attt'to·

271 5502 305 5581 3)
330 5500 431 5559 Verba
460 5502 596 5560 auctoris
620 5502 715 5561 babes
741 5522 772 5581 p.
795 5506 865 5575 ltry.
896 5520 942 5559 ιο.
957 5500 1017 5581 leq.
1047 5501 1122 5563 edit.
1148 5499 1229 5579 Sylb.
1272 5522 1322 5565 res
1344 5503 1384 5561 rt>
1405 5502 1471 5582 ipl'u
1495 5504 1631 5577 laudati,
1667 5506 1699 5563 in
1722 5503 1869 5571 Be'lrliotlr,
1893 5506 1967 5567 Cirr.
1990 5502 2107 5584 Hister.
2130 5508 2158 5556 rt
2176 5497 2273 5557 criu·-

140 5568 145 5577 ’
223 5582 467 5651 Observandum
482 5588 675 5665 brtruuitu,
700 5586 952 5652 rerbrlnlnitio
967 5588 1229 5669 paginaeocearff
1271 5608 1349 5672 qur,
1378 5587 1415 5647 T.
1439 5588 1519 5649 vnt.
1538 5612 1570 5675 p.
1594 5590 1790 5655 ras-1³1.

1389 5692 1451 5737 02
