4762 6030
155 196 219 242 aa
761 143 1543 243 ‘ruane-arro.

161 386 230 461 que
260 351 394 429 inserui
416 348 524 425 Notis
547 318 646 426 ¹meis
674 308 867 427 norinullas
896 354 1169 429 TllEODORl
1199 353 1411 430 IANSONI
1445 353 1850 453 ALMELOVEENII,
1895 384 1984 461 rpus
2014 362 2053 434 in
2084 363 2215 463 aliquo

164 485 334 562 editionis
359 481 617 589 Sylburgianae
642 485 806 583 exemplo
832 484 986 583 meu-gini
1013 482 1210 585 adscriptas
1236 485 1449 559 inveneram.

268 614 311 685 ln
342 611 400 683 his
425 612 594 683 omnibus
622 633 658 684 et
683 612 901 711 colligendis
929 636 963 688 et
989 604 1199 712 digerendis
1224 642 1282 688 me
1313 638 1443 715 quanta
1472 616 1591 717 potuit
1618 614 1789 689 industria
1819 615 2078 717 diligentiaque
2104 615 2212 688 usum

165 744 253 836 else,
285 738 357 841 ipsc
385 739 507 831 sacile,
538 760 578 810 ut
591 739 723 840 spero,
757 741 985 839 libenterque
1009 743 1185 815 fateberis.
1238 742 1376 829 Quodsi
1399 771 1440 816 ea
1461 771 1629 844 quoque,
1661 772 1752 843 qnae
1781 743 1827 819 de
1851 772 1934 819 meo
1955 743 2148 837 admiscui,
2177 766 2216 819 et

167 900 261 975 qnae
291 872 360 960 ita,
392 889 433 939 ut
456 866 513 939 vel
539 868 681 941 nullum
707 870 874 962 onmiuo,
907 873 962 944 vel
991 898 1112 941 meum
1136 870 1285 962 nomen,
1325 894 1385 945 aut
1411 874 1544 972 primas
1569 871 1692 944 saltem
1718 872 1794 944 eius
1814 872 1934 947 literas
1961 870 2153 963 adderem,
2191 898 2214 945 a

168 998 317 1099 reliquis
341 994 505 1089 distinxi,
534 1023 607 1070 uon
631 993 776 1096 prorsus
802 998 1076 1096 improbaveris,
1111 1021 1188 1071 tum
1214 1026 1298 1072 vero
1322 1001 1437 1074 labori
1464 1028 1563 1093 nreo,
1598 1000 1736 1071 difficili
1761 1001 1843 1091 sane
1866 1028 1906 1072 ac
1932 1000 2098 1090 molello,
2130 998 2214 1072 satis

167 1154 337 1229 maguum
369 1124 570 1224 praemium
595 1124 773 1197 tributum
801 1125 1018 1204 existimabo.
1090 1127 1197 1199 Illam
1231 1151 1349 1201 antem
1380 1128 1514 1202 laboris
1548 1127 1744 1202 molestiam
1779 1157 1820 1200 ac
1855 1127 2103 1200 difficultatem
2138 1155 2215 1201 non

168 1260 288 1332 mitius
308 1283 415 1354 aquam
440 1253 615 1353 temporis
640 1252 873 1352 dispendium
899 1255 1002 1328 valde
1025 1256 1118 1329 mihi
1143 1257 1239 1329 auxit
1266 1255 1373 1329 etiam
1397 1256 1488 1349 hoc,
1516 1258 1616 1357 qnod
1638 1256 1880 1357 Etymologici
1905 1255 2028 1353 Magni
2052 1255 2216 1353 paginae,

173 1416 260 1488 quas
284 1385 352 1458 riri
377 1382 494 1473 docti,
527 1381 703 1479 aquibus
728 1383 976 1457 annotationes
1000 1385 1221 1484 accepimus,
1262 1411 1305 1458 ex
1327 1385 1487 1459 editione
1509 1383 1794 1459 Commeliuiana
1823 1377 2084 1477 indicaverant,
2120 1382 2242 1455 indi-⁸

169 1514 303 1589 candae
329 1510 421 1583 mihi
452 1511 597 1582 suerunt
623 1537 665 1581 ex
692 1539 828 1609 nupera
856 1511 1038 1611 Liplienli.

269 1639 488 1712 Praefationi
513 1638 759 1710 subiunximus
785 1644 1051 1736 Kulerrkompii
1074 1641 1268 1739 Speeimen
1294 1641 1606 1734 emendationum,
1643 1641 1713 1712 iam
1744 1637 1849 1737 supra
1879 1634 2075 1709 laudatum.
2143 1636 2220 1711 Sed

170 1774 273 1846 Petri
296 1772 456 1841 Hearici
479 1770 662 1839 Lar-chari
690 1768 907 1866 llemarques
933 1770 1106 1864 critiques
1132 1769 1191 1840 sur
1214 1771 1237 1840 l’
1260 1769 1531 1867 Etjmologicon
1558 1771 1750 1867 Magnum,
1784 1792 1872 1865 quas
1895 1762 2172 1839 Observationes
2199 1792 2219 1841 e

172 1896 524 1970 Comrneotariorum
553 1895 769 1966 Academiae
804 1896 1086 1996 Inscriptionum
1117 1919 1151 1970 et
1182 1899 1367 1969 literarum
1403 1899 1662 1997 elegantiorum
1690 1893 1892 1969 Pariliensts
1917 1891 2038 1965 Temo
2065 1892 2221 1967 XLVII.

173 2026 367 2123 descriptas
394 2023 439 2095 ad
473 2026 608 2096 calcem
633 2027 920 2097 Annotatiouum
957 2025 1090 2098 addere
1121 2024 1434 2117 constitueramus,
1477 2025 1560 2123 quia
1591 2027 1658 2097 hos
1687 2021 1976 2095 Commentarios
2007 2048 2080 2095 non
2108 2023 2222 2122 magis

173 2182 282 2251 quam
310 2152 404 2224 illud
430 2152 620 2250 Speeimen
648 2154 683 2223 in
716 2156 914 2225 multorum
940 2155 1105 2226 manibus
1132 2152 1200 2227 else
1225 2151 1430 2253 persuasum
1458 2154 1655 2246 habebam,
1693 2151 1810 2252 postea
1835 2149 2002 2240 librarin,
2045 2176 2090 2223 ne
2115 2152 2220 2223 volu·

172 2266 280 2353 ininis
311 2282 425 2353 moles
456 2281 564 2352 nimis
600 2280 832 2373 excreseeret,
873 2311 945 2352 una
975 2312 1059 2353 cum
1084 2288 1231 2356 Orionis
1257 2281 1508 2378 Etymologieo
1540 2303 1700 2379 repetere
1733 2279 1879 2377 placuit.
1949 2273 2078 2374 Neque
2107 2276 2223 2349 habui

172 2410 272 2510 qruid
304 2410 392 2479 huic
419 2408 569 2479 consilio
600 2435 832 2507 opponerem.
894 2408 986 2480 Nam
1013 2438 1084 2481 raon
1107 2432 1246 2483 tantum
1268 2410 1305 2480 in
1334 2408 1652 2479 (lbscrrationihus
1679 2408 1791 2480 modo
1815 2405 1987 2496 laudatis,
2026 2402 2223 2478 sedetiam

82 2550 96 2573 ⁸
174 2539 211 2610 iu
249 2536 354 2609 Notis
386 2535 431 2607 ad
461 2541 654 2629 Oriom-m,
709 2540 907 2636 pernurltos
939 2539 1180 2638 Etpmologici
1214 2538 1337 2635 Magni
1373 2539 1473 2610 loros
1499 2539 1711 2609 Larclrerus
1747 2557 1817 2605 tam
1855 2531 2062 2634 explicavit,
2112 2560 2223 2630 quam

173 2665 392 2755 emendarit,
438 2664 485 2736 ita
516 2686 555 2736 ut
588 2689 762 2762 utraeque
797 2694 871 2740 uuo
899 2666 1082 2740 volumine
1117 2663 1379 2767 comprehendi
1407 2652 1504 2737 rect'e
1534 2661 1722 2737 videantur
1753 2661 1860 2763 polle.
1930 2662 2112 2738 Nimirum
2148 2669 2220 2743 suit

172 2794 323 2893 quidem
356 2797 568 2867 Lrtrclzerue
601 2793 767 2881 hilloriae
803 2824 911 2892 (quam
946 2797 1091 2868 criticae
1128 2796 1286 2894 peritior.
1360 2792 1432 2865 Sed
1474 2821 1582 2890 quam
1616 2793 1679 2865 ille
1714 2793 1751 2863 in
1786 2790 2023 2864 emendandis
2060 2816 2224 2869 veterum

175 2924 504 2996 Grauunaticornm
531 2925 633 2997 libris
653 2950 801 3023 operam
825 2924 963 3024 posuit,
997 2925 1281 3024 haudquaquam
1309 2920 1613 2994 contemnendam
1637 2920 1725 3013 else,
1758 2920 1862 2993 facile
1889 2922 2052 3020 quisquis
2073 2951 2113 2996 ca
2139 2925 2225 3000 usus

173 3050 283 3124 suerit
309 3052 486 3149 largietur.

278 3179 468 3251 Caeterum
496 3181 657 3278 quamvis
687 3209 852 3279 magnam
886 3204 921 3253 et
948 3181 1156 3255 industriam
1190 3204 1225 3255 et
1252 3179 1477 3277 diligentiam
1510 3180 1632 3281 mein
1666 3179 1860 3254 condendo
1888 3181 1961 3254 hoc
1985 3207 2094 3279 opere
2120 3179 2229 3254 atlhi⁴

173 3305 286 3378 builse
313 3307 405 3378 mihi
429 3308 593 3381 conscius
620 3308 719 3402 strar,
761 3330 901 3382 tautum
930 3333 1047 3385 tamen
1079 3311 1173 3383 abest
1203 3332 1241 3382 ut
1273 3288 1416 3400 omnes,
1457 3308 1522 3406 qui
1551 3307 1734 3409 depravati
1766 3330 1862 3382 reete
1890 3307 2045 3381 iudicari
2077 3308 2228 3405 pollent,

175 3434 416 3535 Etymologici
443 3436 567 3535 Magni
598 3438 699 3512 locos
729 3466 747 3510 a
776 3466 834 3511 me
864 3460 1045 3513 correctos
1072 3437 1141 3511 else
1171 3437 1262 3509 mihi
1298 3435 1551 3535 persuadeam,
1598 3461 1639 3509 nt
1672 3438 1779 3510 etiam
1812 3437 1946 3510 multos
1977 3437 2228 3512 emendandos

142 3618 151 3633 .
175 3562 349 3662 superesse
375 3566 563 3637 certissimc
585 3564 740 3640 credam.
805 3566 848 3639 Et
872 3590 1050 3665 poteram,
1081 3566 1107 3636 li
1132 3566 1178 3637 ad
1203 3563 1468 3665 perquirendos
1494 3565 1653 3663 plurium
1677 3565 1895 3640 Critieorum
1917 3566 2030 3637 libros
2053 3542 2134 3638 satis
2158 3567 2227 3639 otii

177 3690 315 3782 suisset,
349 3691 558 3765 immensam
580 3695 852 3767 annotationum
871 3680 1021 3792 'copiam
1047 3720 1251 3792 congerere.
1306 3691 1423 3763 Multa
1446 3692 1567 3762 adhuc
1592 3693 1719 3783 latent,
1747 3692 1841 3782 scio,
1875 3690 1912 3760 in
1941 3689 2229 3766 doctillimorum

176 3820 352 3915 Ilqfficlrii
372 3818 608 3918 interpretum
635 3822 749 3914 notis,
777 3822 814 3893 in
830 3826 1142 3918 rS'clrweigluinJerr'
1166 3822 1213 3893 ad
1229 3822 1464 3928 Athenaeum
1487 3818 1871 3911 animadversionilurs,
1898 3818 1936 3889 in
1960 3822 2230 3894 commentariis

177 3945 405 4019 eruditorum
429 3948 590 4021 virorum
618 3948 665 4021 ad
693 3953 981 4048 Aristophanem
1007 3952 1171 4051 aliosque
1194 3973 1336 4051 poetas,
1377 3947 1415 4019 in
1446 3953 1622 4041 bbnrzesii
1644 3947 1692 4021 ad
1721 3950 1919 4044 Phrynicht
1940 3948 2090 4048 Eclogas
2118 3971 2153 4021 ct
2180 3948 2232 4023 ad

179 4080 301 4149 Procli
332 4074 656 4150 Clrrellomathiam
694 4080 807 4174 notis,
862 4103 904 4151 ut
941 4083 1140 4178 pernurltos
1176 4101 1329 4170 taceam,
1383 4078 1515 4176 quibus
1550 4074 1724 4149 Criticam
1760 4079 1878 4151 lacere
1911 4078 2136 4179 propositum
2170 4076 2231 4151 est.

182 4198 317 4276 Verum
350 4203 408 4275 his
444 4205 612 4277 omnibus
651 4231 801 4308 propter
835 4207 1008 4306 angustias
1043 4209 1217 4308 temporis
1249 4209 1307 4280 rel
1340 4205 1490 4279 omnino
1524 4231 1597 4277 non
1629 4205 1751 4304 potui,
1800 4207 1858 4281 vel
1896 4204 1987 4278 iusto
2022 4205 2134 4277 rarius
2164 4203 2235 4277 nti.'

180 4334 300 4421 Quare
325 4332 347 4402 li
375 4334 455 4431 quis
483 4336 758 4408 annotationum
784 4365 944 4411 nicarum
970 4338 1219 4436 supplementa
1243 4334 1417 4434 peculiari
1440 4332 1536 4405 libro
1557 4334 1816 4433 comprehensa
1839 4336 1877 4406 in
1907 4334 2097 4438 publicum
2123 4329 2233 4406 edere

151 4461 354 4554 ¹voluerit,
387 4484 482 4533 certe
510 4490 728 4563 magnopere
751 4466 920 4540 laetabor.
981 4466 1133 4539 Interim
1158 4464 1332 4536 nonnulla
1357 4463 1501 4554 saltem,
1541 4490 1747 4562 quanquam
1774 4461 1819 4534 ad
1843 4460 2098 4534 illustrandum
2120 4460 2248 4558 magis¹

181 4619 288 4690 quam
315 4590 362 4664 ad
387 4590 656 4664 ernendandum
686 4595 920 4692 pertinentia,
971 4594 1147 4695 spicilegii
1178 4593 1263 4666 loco
1293 4592 1355 4662 hie
1379 4589 1546 4663 addenda
1573 4591 1714 4690 putavi,
1759 4591 1926 4692 inprimis
1955 4591 2041 4687 quia
2071 4587 2235 4662 desumta

180 4721 352 4818 pleraque
377 4720 457 4792 sunt
487 4746 506 4792 c
534 4724 660 4817 illustro
688 4726 841 4817 critica,
884 4752 947 4812 or,
993 4726 1214 4820 &erethridge
1245 4724 1407 4817 Clqffical
1429 4720 1674 4811 Researclres,
1715 4721 1779 4818 qui
1810 4720 1904 4791 liber
1930 4718 1968 4791 in
2001 4716 2236 4817 popularium

184 4874 349 4917 meorum
375 4849 608 4922 bibliothecis
631 4878 759 4948 parum
786 4852 954 4951 frequens
982 4852 1039 4925 eli.

269 4978 300 5035 P.
318 4997 367 5035 nt.
392 5001 420 5037 r.
440 5000 488 5057 29·
512 4977 613 5062 (ludria
634 4982 762 5041 ridetur
780 4982 938 5040 interdum
961 4983 1137 5063 figssffifflffe
1160 4982 1282 5042 'msam
1304 4983 1470 5059 'ansteum’
1491 4979 1543 5036 “⁰¹
1565 4978 1797 5054 instrumentum
1818 4981 1978 5060 musteum
2022 4976 2115 5037 cerie
2136 4972 2238 5060 νλωσ·

182 5061 244 5135 οἷς,
282 5087 344 5142 quo
366 5068 491 5124 uotuiru·
518 5066 722 5147 lityurologiri
746 5066 786 5126 M.
814 5081 924 5127 ancer
945 5069 1027 5129 illud
1050 5071 1295 5150 interpretetur,
1335 5070 1376 5128 ell
1394 5066 1519 5146 lingula
1539 5064 1655 5139 libiae»
1692 5065 1745 5126 she
1767 5066 1896 5126 '‘²“OE
1916 5063 2142 5142 ''wulh'l’m‘
2164 5062 2238 5127 οἱ,

184 5150 268 5229 pipe.
317 5150 383 5207 l'id.
407 5146 553 5227 illustrem
579 5156 654 5212 Gril-
679 5156 746 5217 V0l
772 5154 793 5212 l·
817 5176 847 5235 P·
871 5174 943 5233 ²7⁰·

271 5234 303 5293 P.
326 5238 377 5295 28.
400 5257 430 5295 r.
452 5244 502 5297 lto.
527 5234 560 5299 τὸ
582 5233 673 5309 attat,
698 5235 749 5304 lire
769 5244 825 5321 μέν
842 5243 923 5305 ἐστιν
945 5240 1074 5318 εὐθεῖα,
1102 5237 1254 5317 ὀξύνεται·
1270 5273 1314 5285 -
1347 5230 1640 5317 destinauerit,
1669 5237 1866 5319 asarenam]
1898 5234 2051 5294 mmmm
2072 5254 2112 5291 ΩΧ
2134 5231 2237 5291 schol

186 5320 222 5379 V
218 5334 292 5380 erret.
306 5324 347 5380 ad
363 5322 452 5381 lliad.
467 5330 505 5387 15.
522 5325 593 5383 262.
615 5327 832 5405 Aristarchum
847 5327 933 5402 oldris,
951 5327 996 5411 tls»
1010 5330 1215 5387 circumflexe
1231 5326 1394 5405 scribsisse,
1420 5328 1602 5404 Dionysum
1621 5343 1697 5383 “³¹⁰
1713 5324 1877 5384 Simiam
1894 5333 2042 5400 ‘’³5¹⁴‘'¹¹⁰'
2091 5318 2242 5397 Pamphi-

185 5406 235 5465 [ιιι
257 5430 364 5467 omues
388 5410 418 5466 id
437 5432 532 5489 genus
550 5410 743 5471 accusativos
759 5416 1036 5473 circumflectebat.
1079 5416 1248 5494 Dionystne
1266 5414 1372 5471 Thrax
1388 5410 1738 5492 mittar-ehanrculpat,
1762 5414 1814 5493 (1¹¹i
1834 5404 1951 5471 “ls‘s'l'l
1977 5406 2241 5489 llffl‘slsfflnss‘xc

187 5492 362 5576 ter-interit,
392 5496 456 5555 alie
478 5518 555 5557 vero
571 5510 727 5577 outone,-
754 5517 789 5561 ιιι
807 5494 929 5575 Πυθώ,
950 5493 1054 5584 Λητώ.
1096 5500 1175 5575 ‚Vide
1191 5502 1286 5561 etiam
1304 5498 1343 5559 ad
1363 5497 1450 5558 lliad.
1467 5501 1494 5558 I.
1513 5501 1586 5557 240·
1630 5494 1715 5558 llaec
1738 5518 1779 5560 cx
1799 5489 1883 5574 Mus·
1903 5498 1978 5557 erit.
1994 5492 2060 5552 Μ·
2079 5492 2100 5550 l·
2118 5516 2149 5573 Ρ·
2171 5490 2241 5551 ¹²⁶·
