4762 6030
653 200 719 279 IN
770 200 1277 281 ETYttoLootcvu
1332 206 1621 286 ttaoxvtt.
2085 236 2183 287 astu

108 392 337 501 persuasisse,
382 422 490 495 quem
517 395 714 497 possidebat
740 398 926 491 codicem,
962 402 1151 483 Guleuno,
1185 400 1248 497 qui
1276 398 1463 473 certissime
1485 400 1644 475 Lexieou
1671 400 1817 475 exhibet
1846 404 2017 476 Pltotr'um
2045 424 2169 477 aucto·

111 530 191 577 rem
213 498 426 597 agnoscens,
460 499 529 573 else
554 500 818 591 limillimtuu„
854 503 1113 575 llesutareruut
1134 498 1285 603 quidem
1310 500 1403 574 baur:
1429 502 1719 578 asseverationem
1744 504 1812 577 riri
1839 504 1938 579 tlocti
1964 510 2106 583 Biclius
2129 528 2165 580 et

111 604 418 699 Horcnlrergius,
443 625 537 676 recte
559 602 767 695 statuentes,
802 632 879 678 caru
907 634 949 677 ue
972 604 1122 677 ruiuirno
1144 604 1296 704 quidem
1317 630 1527 705 argumento
1553 609 1758 681 conlirtnari
1785 607 1892 707 polle.
1953 608 2014 681 Ad
2041 608 2080 681 id
2102 636 2164 681 au·

111 732 188 785 tem
215 704 348 779 adduci
374 706 409 779 sc
434 704 551 807 palliis
575 706 625 779 est
651 706 717 778 Vir
741 706 963 781 doctillimus
990 708 1034 779 ab
1055 713 1320 803 ‘Heusingerm
1361 732 1400 781 ut
1433 738 1518 783 eum
1546 738 1590 785 eo
1620 710 1805 803 adlirmet,
1844 716 2005 785 codicem
2032 736 2167 785 nomen

111 812 237 889 Photii
260 836 444 905 rtnrpuom
458 814 683 907 prunfirre,
709 814 779 901 nisi
800 816 900 907 quod
924 814 1175 909 Biblioptgus,
1196 816 1305 905 Jbrlu
1332 840 1352 881 r·
1365 813 1482 885 Gudii
1505 816 1593 910 inffu
1603 869 1615 903 ,
1644 819 1759 887 litoris
1784 820 1929 887 (turcatis
1953 821 2043 888 illud
2065 823 2168 911 ligo-

110 932 222 991 lnroc
251 916 489 1009 impresserit,
532 929 568 985 el
593 918 789 1005 li·l1crluloe
808 916 999 1005 fluetibus
1028 920 1253 987 voluminum
1283 920 1559 1011 urlglutinutoe,
1609 917 1725 991 (ludii
1761 922 1925 991 citcnlem
1954 928 2033 1007 line
2059 923 2170 991 ‹lulrio

112 1046 229 1095 matut
243 1022 427 1111 scriptae,
452 1014 588 1091 Photio
603 1021 800 1112 illtrrlopur
820 1018 986 1091 tribuant
1004 1022 1058 1115 ²¹).
1113 1018 1154 1091 lu
1173 1018 1258 1111 boc,
1282 1021 1440 1118 iuquam,
1463 1020 1750 1119 errareruutlviri
1766 1020 1967 1093 doctillimi.
2028 1022 2165 1095 llil'crtc

112 1123 213 1197 enin
239 1120 276 1191 iu
309 1118 505 1207 addendis,
546 1120 669 1193 literae
694 1128 740 1194 ,(2
766 1119 934 1213 adiectis,
976 1123 1013 1194 iu
1041 1125 1112 1193 liuc
1142 1122 1238 1195 vocis
1261 1128 1429 1221 Kpovo,·‚
1473 1126 1597 1213 rerba,
1644 1124 1766 1211 ὁυτως
1796 1124 2165 1217 tyrattrst'1'102'6

113 1252 369 1323 πατριαρχης,
397 1222 642 1321 reperiuntur:
674 1250 765 1321 iprae
789 1228 909 1295 Gudio
935 1226 1116 1297 observata
1140 1225 1204 1324 ipli
1230 1226 1380 1299 sortallis
1402 1226 1520 1298 aul'am
1548 1229 1807 1327 praelium-unt,
1839 1230 1965 1301 l’lrotio
1989 1228 2168 1328 integrum

113 1354 208 1429 opus
241 1348 281 1397 ut
314 1324 541 1397 adscriberet.
621 1326 724 1399 Licet
756 1350 876 1401 autem
910 1328 1015 1401 rerba
1040 1328 1129 1401 baec
1162 1328 1237 1400 illic
1265 1330 1506 1429 reperiantur,
1550 1358 1624 1403 uou
1653 1353 1770 1403 taurea
1803 1328 1888 1403 iude
1915 1328 2163 1427 consequitur,

112 1436 285 1511 Plrctium
312 1426 462 1500 universi
488 1430 610 1527 operis
635 1452 819 1503 auctorem
844 1430 922 1503 ell'e.
991 1430 1187 1505 Observari
1211 1432 1327 1525 cuim,
1361 1433 1616 1531 compilatores
1643 1434 1711 1507 live
1738 1438 2073 1529 Eparrologicmrou
2101 1434 2168 1507 lire

114 1538 344 1613 Iericorum
385 1530 585 1627 aliquando
619 1555 827 1625 auctorum,
875 1560 918 1603 ex
949 1534 1085 1632 quibus
1114 1532 1382 1609 observationes
1415 1534 1490 1607 suas
1520 1536 1750 1631 hauriebant,
1807 1537 1954 1609 uomina
1984 1534 2163 1627 adiecisti,

117 1634 268 1739 aptando
299 1656 462 1707 auctores
495 1630 541 1707 de
575 1635 609 1707 sc
640 1637 829 1733 loquentes
864 1664 1065 1735 pronomen
1088 1637 1227 1735 primae
1253 1636 1425 1737 perlimae
1449 1636 1765 1713 dernoullratirum
1792 1640 2052 1739 usurpaverant.
2108 1638 2168 1709 rid

114 1738 363 1817 buitrs'all'erti
392 1736 643 1834 probationem
670 1738 863 1811 commode
893 1736 929 1811 se
964 1742 1069 1812 oll'crt
1100 1742 1265 1811 Lexicon
1297 1742 1541 1813 Bibliothecae
1567 1748 1783 1835 Berncnsis‚
1823 1744 1887 1813 ubi
1917 1770 2004 1816 voce
2034 1773 2166 1839 erupu-

115 1846 242 1929 Breooe
268 1840 450 1938 liquentia
478 1840 584 1911 verba
618 1841 864 1915 inveniuntur:
915 1848 1019 1929 Τινες
1047 1871 1121 1937 μεν
1151 1871 1224 1917 oon
1254 1874 1325 1918 con
1354 1844 1590 1943 :rupudtroou
1617 1852 1812 1936 cetollprov
1843 1848 2164 1939 irpcaerrttor‘lrmun,

114 1954 241 2047 inpos
263 1944 303 2017 dt
329 1968 486 2032 concor·
526 1946 626 2035 πλην
649 1974 778 2041 εμοιγε
800 1950 947 2040 Ιωαννῃ
978 1974 1029 2045 τῳ
1044 1954 1292 2047 Δαμασκηνῳ
1319 1946 1447 2022 sonet:
1490 1954 1663 2022 Nonnulli
1682 1955 1830 2045 quidem
1851 1946 2058 2021 Paradisum
2072 1958 2169 2044 jen-

101 2054 251 2149 stln'lem
282 2049 349 2145 effic
376 2060 623 2141 putruerunt,
668 2052 734 2119 ulii
766 2050 1039 2145 intelligibilem.
1114 2050 1213 2123 illilti
1259 2066 1386 2123 aretem
1417 2050 1578 2124 iohanni
1604 2052 1828 2127 Damascene
1863 2056 2006 2123 videtur·
2031 2072 2097 2125 etc.
2122 2052 2169 2149 ²²)

115 2154 263 2229 llabcut
289 2147 415 2221 eadem
443 2146 532 2221 haec
555 2152 678 2243 rerba,
709 2149 836 2221 orrrilso
861 2172 979 2223 truueu
1005 2152 1153 2223 nominc
1175 2156 1355 2225 lunantu-
1378 2158 1624 2249 Dumulccni,
1656 2176 1692 2227 ct
1712 2160 1824 2227 codex
1847 2157 2167 2241 Burtltoliniunus,

115 2282 151 2335 et
173 2258 328 2339 auidas,
367 2280 396 2327 v.
418 2250 669 2351 παραδεισυς,
705 2251 1093 2353 ad.qur·m.Kquerus
1118 2254 1183 2327 ait:
1227 2260 1335 2329 'lbtus
1356 2260 1414 2327 ln'c
1437 2262 1613 2331 <ridiculus
1633 2273 1825 2353 excerptus
1849 2262 1898 2349 ist
1923 2263 2168 2351 exscriptore

112 2368 262 2459 (aliquo,
298 2361 364 2453 qui
385 2380 482 2427 rtttnc
506 2382 581 2427 ttort
605 2361 765 2455 ontpliur
786 2364 914 2451 exslot.
983 2356 1137 2429 Fallitur
1159 2357 1227 2429 Vir
1251 2356 1481 2431 doctillimus.
1543 2358 1659 2431 Totus
1690 2360 1787 2431 euim
1813 2360 1985 2431 articulus
2012 2358 2073 2431 illc
2106 2387 2164 2431 er·

114 2486 262 2563 cerptus
292 2458 340 2533 cll
372 2486 413 2533 cx
444 2460 623 2531 ‚lolmnnis
650 2464 879 2557 Duntosccni
914 2456 960 2531 de
992 2464 1087 2533 Fide
1119 2464 1332 2533 Orllrorloxo
1359 2462 1616 2535 t..11.‹:..ttt.
1649 2462 1711 2533 ubi
1740 2461 1787 2535 dc
1813 2468 1994 2557 l'urmlilo
2021 2462 2165 2535 almude

117 2567 309 2643 disseritur.
372 2566 628 2655 Durncfcerurs
656 2564 783 2663 igitur,
812 2564 969 2637 alituum
1004 2558 1050 2635 de
1071 2560 1242 2636 Paradiso
1267 2563 1478 2637 senteutiam
1507 2562 1710 2655 recensens,
1746 2564 1813 2657 ait,
1858 2564 2054 2637 uouutdlos
2082 2592 2167 2639 eum

115 2666 272 2747 ssarnitre
295 2664 516 2757 sensibilem,
558 2667 647 2739 alios
673 2666 959 2767 intelligibilem3
990 2662 1128 2737 addens
1151 2670 1250 2757 πλην
1274 2696 1404 2765 εμοιγε
1431 2666 1558 2751 doxae,
1593 2694 1715 2741 retum
1741 2694 1783 2739 ex
1809 2696 1888 2739 mea
1911 2666 2060 2767 quidem
2091 2668 2166 2741 liu·

115 2774 250 2863 tetttia,
273 2792 308 2843 et
325 2768 372 2841 lic
393 2798 511 2867 porro.
566 2770 793 2867 Cotupilator
813 2796 898 2868 ergo
921 2772 1055 2841 codicis
1071 2772 1269 2863 Bernonsr'r
1282 2797 1368 2842 cum
1384 2768 1484 2841 baud
1505 2768 1703 2865 ignoraret,
1724 2770 1813 2843 bace
1839 2773 1942 2843 rerba
1959 2776 2166 2866 llunr-rp'ce·

114 2904 208 2953 num
229 2896 413 2947 auctorem
434 2870 642 2965 agnoscere,
671 2872 949 2945 demonstrativo
970 2900 1101 2967 suotye
1125 2870 1244 2971 ipsum
1267 2898 1420 2963 noutcu,
1453 2870 1652 2970 pateutlteli
1673 2872 1770 2971 (puali
1795 2871 2076 2965 iucludemlum,
2103 2874 2165 2945 ad·

116 2982 232 3069 didit,
263 3006 336 3077 quo
362 2974 589 3067 significaret„
615 2998 823 3075 excerptum
852 2974 923 3047 boc
949 3004 992 3047 ex
1015 2978 1247 3069 Demostrati
1271 2974 1413 3073 seriptis
1437 2974 1591 3074 petitum
1613 2974 1692 3047 ell'e.
1745 2976 1921 3047 Similiter
1942 3006 2025 3047 curu
2049 2978 2165 3050 serbis

113 3088 365 3183 comparatum
399 3078 449 3149 ell
483 3105 526 3151 cx
559 3086 809 3175 Hymologico
843 3080 1017 3153 Gudiono
1050 3075 1247 3177 productis.
1326 3076 1446 3151 Habet
1479 3101 1575 3151 certe
1608 3078 1784 3151 articulus
1814 3084 1966 3175 Apono,-
1997 3083 2166 3153 l'lrotr'ron

116 3210 320 3273 auctorem,
358 3204 467 3277 atquc
486 3207 529 3253 cx
553 3182 629 3253 eius
651 3181 791 3281 sc'riptis
817 3184 854 3255 iu
882 3184 1137 3277 Etrntolcgico
1160 3182 1350 3255 translatus
1371 3178 1429 3253 est.
1492 3178 1683 3277 Postquam
1708 3180 1817 3275 igitur
1839 3181 1993 3253 aliorum
2010 3180 2064 3253 dc
2092 3182 2165 3259 boc

115 3290 265 3367 notariae
289 3285 478 3359 scmemias
506 3286 746 3377 recensuerat,
775 3286 946 3383 luantque
961 3284 1127 3383 epicriliu
1146 3282 1327 3359 adiecerat
1354 3288 1518 3363 Pltoliur,
1553 3282 1696 3355 addidit
1717 3284 1839 3369 ὁυτως
1861 3314 1954 3377 s7o5
1988 3286 2055 3377 (uti
2078 3314 2107 3357 r.
2132 3318 2163 3358 c.

112 3400 241 3491 Elrnt.
273 3394 327 3464 M.
356 3418 388 3487 p.
411 3394 496 3457 :ti-'u
524 3396 580 3458 all.
604 3388 725 3476 ὅντως
750 3392 866 3487 ἑινρον
889 3400 973 3481 εγω)
993 3388 1125 3486 ‹ptibus
1148 3386 1264 3459 verbis
1283 3388 1450 3459 Gutliuni
1477 3389 1611 3457 coelicis
1634 3387 1870 3485 compilator,
1904 3386 2067 3485 qttisquis
2089 3410 2165 3461 tan·

114 3496 201 3571 (lem
223 3494 254 3565 is
274 3491 401 3579 suerit,
427 3490 490 3559 illa
511 3496 660 3577 Φωτιος
684 3490 962 3589 ὁπατριαρχης
978 3485 1245 3587 superaddidit,
1269 3488 1481 3587 liguilicaus,
1507 3486 1601 3559 illud
1623 3518 1696 3583 syo
1715 3492 1879 3561 l'ltotiunt
1894 3490 2166 3563 Patr-trocleam

113 3598 297 3685 indicare,
339 3592 606 3687 articulruurpre
635 3590 739 3663 istum
768 3620 810 3661 ex
836 3592 935 3663 illius
963 3590 1103 3689 scriptis
1132 3586 1201 3661 effe
1232 3586 1451 3663 desumtmn:
1495 3586 1597 3687 rprod
1621 3616 1737 3689 neque
1761 3590 1901 3663 attetori
1923 3596 2167 3689 Elyrnologici

39 3764 42 3773 .
114 3700 273 3803 imprclli
298 3697 461 3793 ignotum
488 3694 573 3785 suit,
610 3696 708 3792 apud
733 3722 841 3793 quern
867 3694 1040 3764 articulus
1064 3698 1233 3791 Kporoc,
1268 3689 1401 3765 omillis
1426 3692 1543 3764 ret-bi>¹
1569 3690 1770 3791 prioribus,
1804 3692 1887 3766 solis¹
1914 3698 2063 3785 dtortoe
2084 3728 2164 3773 nu-

113 3832 299 3907 ςριαρχης
322 3798 480 3897 explicit.
535 3796 737 3869 Meridiaua
762 3799 848 3869 binc
871 3798 954 3871 lucc
978 3796 1108 3869 clarius
1135 3794 1203 3890 cll,
1250 3791 1429 3867 eiusmodi
1452 3794 1683 3887 allegationes
1709 3794 1802 3867 nibil
1829 3796 1945 3869 saeerc
1974 3796 2166 3873 adrerum

113 3906 364 4005 Etymologici
385 3900 443 3977 vel
464 3904 600 3979 Lexici
622 3901 774 3977 alicuius
795 3922 980 3976 auctorem
1001 3896 1264 3999 detegendum,
1295 3897 1374 3971 aliis
1398 3898 1633 3999 argumentis,
1668 3900 1804 3971 nniore
1828 3899 1957 3973 virtute
1981 3900 2166 4000 praeditis,

113 4012 143 4089 ft
169 4009 412 4083 destituamur.

39 4112 44 4181 l
220 4112 272 4184 Ex
293 4136 368 4209 quo
387 4138 470 4183 sero
486 4132 648 4210 tempore
662 4108 945 4203 observationes,
969 4136 1058 4209 quas
1071 4108 1151 4181 Viri
1168 4104 1392 4181 eruditislimi
1411 4110 1600 4181 Rerlmrlns
1608 4163 1620 4196 ,
1646 4110 1862 4205 Abrcsclrius
1870 4163 1882 4196 ,
1913 4114 2164 4201 thlrrtkcnius,

112 4216 198 4308 alii,
224 4242 267 4289 ex
285 4218 535 4311 Etyrrrologieo
555 4216 806 4307 miratae-rino,
831 4212 958 4315 (quod,
978 4212 1016 4283 ui
1040 4213 1159 4305 sallor,
1184 4216 1460 4307 Arttverpiensir
1474 4211 1722 4311 apographum
1739 4212 1827 4311 ett,)
1850 4234 1884 4283 et
1908 4218 1964 4285 Io·
1992 4219 2027 4285 io
2050 4219 2165 4287 l'ori-

39 4334 41 4341 '
98 4326 237 4417 sterfi,
272 4316 468 4415 inscriptis
493 4317 562 4388 suis
586 4314 709 4415 pallim
730 4318 921 4409 exhibent,
950 4344 1033 4387 cttttt
1053 4318 1363 4388 (ludiuttrtcotlice
1382 4318 1546 4389 conserte
1565 4312 1656 4385 mibi
1677 4315 1797 4405 licuit,
1826 4314 1939 4387 slatim
1961 4242 2165 4415 iuspicatus

39 4442 53 4495 t
115 4426 216 4515 sunt,
244 4448 369 4495 omues
385 4420 452 4491 bos
468 4420 581 4492 libros
603 4448 728 4519 parum
744 4416 967 4495 nibilvcase
989 4416 1144 4491 dill'erre.
1199 4419 1252 4490 De
1277 4418 1388 4517 priori
1404 4416 1529 4490 saltem
1552 4418 1694 4489 nullum
1718 4418 1873 4516 amplius
1893 4418 1984 4489 milri
2011 4420 2163 4490 dubium

39 4520 60 4585 '⁴
113 4524 293 4627 litpctesl,
326 4520 555 4622 posteaquam
572 4524 608 4596 S.
632 4522 886 4615 VengRuciur
895 4579 909 4611 ,
936 4520 1159 4619 'l'lteologiac
1182 4522 1283 4621 apud
1309 4524 1565 4593 [dtr-aimanos
1588 4518 1769 4594 Prosell'or
1796 4519 2068 4612 celeberrimus,
2096 4548 2164 4619 pro

116 4626 341 4705 humanitate
363 4626 422 4697 lita
440 4638 511 4699 t‘res
535 4648 731 4721 quatuorve
750 4652 793 4697 cx
810 4654 854 4701 eo
869 4624 1030 4727 plagulas
1045 4623 1220 4714 describi,
1241 4645 1277 4695 ct
1298 4621 1344 4695 ad
1367 4650 1424 4695 rue
1441 4621 1576 4695 deserri
1590 4624 1745 4715 curavit,
1772 4650 1814 4696 ex
1833 4623 1966 4721 qrribus
1989 4623 2162 4721 perspexi,

39 4664 54 4799 l
114 4752 313 4831 utrumque
331 4726 495 4801 codiecru
514 4728 595 4800 satis
613 4750 777 4801 accurate
801 4728 1009 4818 convenire,
1034 4728 1261 4825 alterumque
1285 4754 1328 4799 ex
1344 4727 1458 4799 altero
1482 4724 1650 4799 illustrari
1675 4747 1710 4797 et
1729 4725 1911 4797 emendari
1936 4722 2051 4823 posse,
2078 4722 2163 4795 dili·

39 4828 43 4845 ’
114 4864 204 4935 gens
226 4860 352 4907 eorum
373 4830 566 4905 collatioli
589 4830 841 4906 institueretur.
892 4834 951 4905 Dc
968 4834 1138 4922 Porisr'no
1160 4826 1258 4901 idem
1280 4826 1424 4902 testatur
1438 4832 1693 4921 lichni-eninr,
1716 4827 1822 4926 serpae
1841 4828 1944 4901 illum
1970 4824 2162 4925 diligenter

39 4972 46 4997 ν
115 4936 298 5013 ereussiss'e
316 4934 482 5035 perbibet
502 4932 560 5029 ²⁸).
609 4932 804 5007 Eruditum
824 4934 890 5009 stbi
908 4932 1035 5011 orbem
1056 4932 1211 5005 maxime
1231 4928 1314 5005 saue
1336 4930 1534 5007 detiucirct
1557 4932 1611 5005 vir
1633 4929 1872 5022 doctillimus,
1899 4928 2162 5005 observationes

39 5064 44 5085 ·
111 5040 197 5117 suas
222 5039 325 5141 prelo
347 5036 371 5108 li
394 5037 502 5110 vellet
524 5038 759 5111 committere.

39 5092 56 5215 l
219 5146 340 5242 Atque
356 5139 424 5212 bac
442 5138 592 5238 quidem
613 5141 749 5213 ratione
773 5163 844 5214 tres
860 5136 906 5211 ad
929 5139 1122 5213 minimum
1139 5138 1315 5212 babemus
1335 5132 1481 5210 codices
1503 5136 1539 5207 in
1561 5134 1729 5236 plurimis
1750 5130 1814 5207 fibi
1836 5131 1983 5227 similes,
2004 5162 2164 5233 (prorum

115 5272 189 5349 ope
203 5248 498 5342 Blrrnclogicnrn
518 5248 575 5318 M.
599 5243 740 5343 egregie
761 5242 965 5338 emendari,
997 5244 1137 5345 augeri,
1162 5238 1296 5317 restitui
1320 5236 1454 5339 posset,
1481 5240 1565 5317 viris
1585 5236 1736 5313 cmditis
1755 5236 1784 5311 ti
1805 5237 1964 5337 placeret
1982 5234 2163 5339 symbolas

111 5418 371 5443 m-

153 5502 211 5579 at)
235 5497 384 5561 Biblr'otlt.
408 5500 511 5561 Brem.
533 5500 556 5558 l.
570 5500 590 5559 l.
613 5522 643 5579 p.
666 5499 737 5561 286.
1201 5498 1255 5580 23)
1280 5500 1312 5557 in
1335 5496 1429 5581 Epist.
1451 5498 1493 5559 ttd
1508 5498 1733 5577 llenstngenrm
1753 5472 1789 5557 i'.
1806 5494 1838 5555 C.
1859 5494 1931 5556 data
1955 5518 2038 5557 anno
2066 5498 2157 5578 1763.

155 5592 211 5669 ²2)
237 5588 270 5649 l'.
294 5588 422 5648 sinam
441 5584 540 5655 caru.
558 5608 591 5669 p.
611 5586 685 5649 toti.
1157 5585 1194 5649 V.
1215 5584 1356 5651 Harant.
1376 5584 1486 5647 Dicte.
1508 5585 1543 5647 in
1566 5584 1651 5647 Bttt
1671 5586 1780 5645 Breut.
1800 5584 1882 5645 Νον.
1901 5604 1936 5665 p.
1958 5586 2032 5666 287.

39 5454 47 5505 l
