4762 6030
177 41 275 171 ‘u
910 91 1622 175 rnanranto

291 290 332 386 t)
365 285 448 360 Alia
476 281 674 391 quaedam,
711 311 823 359 manu
848 286 1058 388 elegantiori
1083 288 1232 389 scripta,
1270 322 1306 392 p.
1325 283 1564 365 '651-642..

295 427 333 515 5)
366 419 451 493 Alia
472 417 665 509 nonnulla,
697 443 807 488 manu
829 444 902 489 non
929 418 1123 518 ineleganti
1145 418 1296 520 scripta,
1331 448 1365 518 p.
1392 419 1627 490 ttae-'tias'

294 555 335 648 ti)
363 549 416 622 Ex
446 551 612 623 Maximi
632 550 809 619 Planuclis
832 547 1077 620 Grammatico
1101 546 1255 644 inedita,
1291 547 1444 646 margini
1467 543 1745 645 Pindarieorum
1765 550 1966 625 carminum
1988 551 2184 653 adscripta,
2212 580 2291 656 pag.

410 678 639 751 ors-660.

262 784 266 791 Ι
295 810 333 909 7)
359 807 441 880 Alia
464 806 655 905 Excerpta,
690 800 739 874 ad
762 802 1027 904 Etymologiam
1054 807 1276 905 omninoque
1305 804 1352 878 ad
1377 804 1658 881 Grammatieam
1681 808 1917 906 pertinentia,
1948 840 1984 911 p.
2008 817 2244 888 ooo-662:
2299 882 2305 889 .

299 943 338 1036 8)
366 936 545 1081 Excerpta
566 960 607 1007 ex
629 933 870 1030 grammaticis
896 933 1218 1033 disputationibus,
1252 963 1287 1035 p.
1310 938 1539 1011 662-668.

256 1069 336 1171 9)
362 1063 427 1139 'Ex
456 1062 532 1137 τῶν
560 1062 655 1137 Αι’7’
626 1092 702 1137 toa
722 1059 962 1161 Ἡρωδιανοῡ
992 1066 1269 1165 σχηματισμῶν
1293 1065 1520 1167 Ὁμηρικῶν
1545 1064 1654 1141 κατὰ
1680 1076 1889 1165 στοιχεῖον,
1935 1066 1981 1140 de
2010 1071 2142 1168 quibus
2174 1070 2296 1172 polica

417 1189 562 1264 dicendi
588 1191 693 1263 locus
720 1191 797 1263 crit.

263 1348 269 1371 ⁴
247 1322 476 1415 CWerjiri
506 1321 674 1419 Apograq
669 1318 728 1392 bo
763 1318 943 1394 Codicum
975 1321 1337 1421 Heidelbergenfinm
1367 1324 1562 1423 Kappius,
1613 1324 1794 1420 Francus,
1839 1323 2028 1424 'descripstt
2061 1329 2186 1424 etiam,
2233 1327 2298 1403 scd
2362 1390 2369 1403 .

246 1453 368 1525 minus
392 1450 600 1548 diligenter,
643 1476 736 1546 quae
760 1447 874 1524 modo
899 1450 949 1523 ad
974 1481 1027 1525 ur.
1059 1479 1090 1524 a.
1117 1473 1153 1524 ct
1181 1458 1273 1525 aar
1300 1455 1573 1527 denumeravi.
1634 1452 1735 1525 Haec
1764 1476 1883 1526 autern
1907 1457 2029 1529 omnia
2054 1456 2299 1557 suppeditavit

246 1580 353 1679 supra
377 1576 545 1650 laudatus
573 1581 786 1670 (ieramus,
828 1578 893 1676 qui
918 1578 1041 1679 pallini
1065 1582 1209 1655 notulas
1237 1580 1413 1677 quasdam
1442 1580 1594 1680 margini
1626 1579 1876 1681 adscripscrat,
1913 1612 2001 1681 (pras
2028 1609 2064 1659 ct
2093 1588 2185 1686 ipsas
2210 1587 2297 1659 dili·

246 1707 445 1805 gentillirue
467 1702 662 1804 descriptas
685 1705 925 1779 exbibuiuuts.
988 1709 1159 1805 Denique
1185 1708 1284 1781 idem
1313 1713 1510 1783 Cretizerus
1529 1709 1703 1783 benevole
1735 1706 1828 1781 misit
1853 1711 2154 1806 Grammaticam,
2187 1741 2298 1813 opera
2324 1736 2333 1747 ‘

246 1838 507 1926 Birrtlraumii,
540 1832 809 1933 Bambcrgenlis
831 1834 1000 1932 (Barari),
1043 1863 1086 1909 ex
1111 1834 1249 1910 Codice
1273 1837 1396 1910 Liberi
1421 1837 1572 1910 Batonis
1596 1839 1898 1910 Schellerraeimit
1924 1837 2157 1938 descriptam,
2191 1864 2298 1917 notu·

247 1964 367 2062 lisque
390 1963 577 2037 nonnullis
604 1986 784 2055 ornatam,
827 1991 919 2061 quae
944 1994 977 2063 p.
1003 1968 1233 2061 669-682.
1267 1965 1409 2063 legitur.
1469 1963 1599 2037 Eidem
1624 1969 1801 2039 Creuzero
1829 1965 2004 2039 debemus
2029 1968 2124 2041 bane
2151 1973 2299 2045 brevem

251 2092 402 2168 Codicis
428 2088 786 2164 Scltellcrsbcimiaui
814 2091 997 2163 notitiam:
1049 2091 1405 2186 „Ell'Florentinus,
1441 2094 1572 2167 saeculi
1593 2119 1686 2185 xut,
1719 2094 1975 2193 bombycinus,
2005 2116 2040 2168 ct
2067 2095 2114 2168 fic
2137 2097 2218 2171 satis
2244 2100 2301 2171 iu·

250 2242 366 2319 teger,
401 2220 488 2291 binc
516 2216 602 2290 inde
628 2239 746 2289 tamen
774 2216 921 2291 madore
947 2243 1157 2319 corruptus,
1195 2221 1381 2318 literisque
1404 2221 1564 2294 evanidis
1589 2218 1809 2318 impeditior.
1867 2221 1988 2295 Habet
2020 2231 2054 2319 t)
2080 2231 2301 2319 Historiam,

253 2376 339 2421 cum
370 2346 529 2419 Seboliis
562 2368 597 2418 et
626 2347 917 2419 interlinearilurs
951 2369 987 2419 et
1018 2348 1116 2442 aliis,
1164 2348 1357 2420 maximam
1386 2371 1524 2450 partem
1556 2348 1680 2438 editis,
1722 2348 1833 2421 rubro
1867 2372 1908 2421 ut
1939 2352 2138 2449 plurimum
2171 2320 2324 2431 colore⁸

251 2476 405 2575 scriptis.
466 2482 505 2569 a)
532 2479 713 2548 Theocriti
741 2474 928 2572 quaedam.
989 2475 1138 2550 Scholia
1166 2478 1360 2550 maximam
1383 2499 1521 2576 partem
1557 2478 1670 2570 edita,
1715 2476 1803 2549 bine
1836 2476 1921 2549 iude
1954 2480 2050 2552 lcctu
2080 2481 2299 2579 difficiliora,

251 2606 445 2707 praecipue
473 2632 564 2702 quac
592 2605 685 2677 inter
712 2604 822 2675 lineas
847 2604 929 2677 sunt
954 2602 1095 2704 scripta.
1157 2612 1197 2705 5)
1224 2612 1397 2703 Dionffii
1425 2605 1625 2705 l'ericgcliu
1654 2603 1717 2703 (de
1744 2602 1812 2677 litu
1843 2607 1977 2701 orbis),
2022 2637 2106 2683 cum
2129 2612 2300 2688 Scholiis.

253 2738 293 2835 4)
323 2734 537 2835 Fragmenta
564 2732 674 2805 LXX
700 2732 954 2832 Interpretum.
1022 2740 1061 2833 5)
1088 2734 1349 2809 Grammaticus
1378 2735 1580 2829 Diatribas,
1625 2761 1716 2830 quae
1749 2733 1841 2807 solio
1870 2739 1952 2827 157.
1979 2760 2077 2812 recto
2110 2739 2307 2839 incipiunt,

255 2864 292 2937 in
318 2862 376 2935 bis
397 2866 636 2956 Qutusta'ones
661 2860 945 2960 (Ἰξιωτήματα)
964 2836 1214 2957 grtirrtrnatici
1236 2869 1468 2962 argumenti,
1498 2864 1623 2962 quales
1642 2865 1808 2937 Maximi
1833 2867 2024 2937 Planurlne
2047 2866 2214 2940 feruntur
2227 2875 2305 2969 'per

257 2994 413 3067 Codices
439 3018 547 3064 uranu
572 2988 733 3088 scriptos.
788 2989 912 3064 Codex
938 2994 1198 3090 explicit-,folio
1222 2996 1302 3065 161.
1326 2991 1468 3067 serso.“

359 3124 436 3195 lam
464 3124 553 3199 baec
583 3126 704 3199 omnia
736 3146 755 3193 c
785 3120 917 3216 quibus
951 3122 1114 3195 sontibus
1148 3121 1269 3195 baulla
1304 3120 1390 3213 siut,
1436 3141 1496 3192 aut
1525 3148 1598 3219 quo
1631 3121 1716 3195 loco
1747 3142 1782 3196 ct
1816 3147 1967 3196 numero
1997 3123 2185 3220 habenda,
2229 3128 2302 3203 late

257 3251 424 3325 disserere
449 3255 641 3327 noluimus.
712 3250 847 3324 Partim
876 3250 973 3322 enim
999 3250 1192 3323 modestiae
1223 3250 1290 3341 cll,
1334 3250 1462 3323 lectori
1494 3249 1657 3340 erudito,
1708 3249 1772 3346 qui
1799 3247 1839 3321 id
1865 3252 1971 3324 facile
1996 3253 2071 3354 ipse
2099 3255 2304 3355 perspiciet,

255 3380 432 3453 iudicium
461 3384 687 3481 permittere,
725 3378 856 3479 partim
887 3408 961 3450 uon
988 3380 1017 3451 is
1044 3379 1142 3472 sum,
1181 3378 1247 3476 qui
1273 3379 1380 3452 unice
1406 3379 1559 3478 probem
1586 3401 1621 3453 et
1648 3402 1765 3451 amem
1792 3403 1884 3477 quae
1915 3406 2018 3454 arne
2045 3385 2208 3482 profecta
2240 3408 2305 3460 aut

209 3538 221 3559 ·
255 3530 378 3583 curata
400 3506 492 3583 stant.
506 3512 521 3521 “’
549 3509 643 3581 Nam
664 3503 726 3582 etli
745 3505 972 3579 manifestum
995 3507 1064 3601 est,
1095 3508 1210 3581 multa
1234 3533 1378 3599 corum,
1411 3532 1503 3605 quae
1526 3506 1564 3579 in
1588 3507 1724 3579 libellis
1746 3503 1859 3581 modo
1882 3510 2099 3583 enumeratis
2123 3513 2303 3611 leguntur,

255 3638 329 3711 iam
354 3636 503 3711 aliunde
526 3637 627 3711 firilse
652 3635 811 3735 cognita,
849 3636 985 3734 quippe
1009 3666 1100 3736 quae
1126 3639 1163 3707 iu
1192 3637 1345 3709 aliorum
1373 3637 1704 3710 Grammaticorum
1728 3635 1831 3707 libris
1855 3635 1912 3707 vel
1940 3632 2083 3706 dudum
2107 3642 2163 3711 vel
2186 3667 2307 3741 nuper

256 3764 384 3857 editis,
417 3786 458 3837 ut
481 3766 518 3837 in
541 3767 602 3860 iis,
632 3795 723 3864 quac
750 3774 934 3843 Bes-karus
960 3793 978 3838 e
1005 3763 1335 3839 Codieibus'blSS.
1362 3764 1499 3862 primus
1526 3762 1743 3864 publicarit,
1778 3760 1886 3834 ineffe
1912 3761 2152 3858 reperiantur:
2185 3786 2306 3839 tamen

256 3894 329 3967 boe
353 3916 449 3968 certe
475 3894 630 3994 quilibet
651 3897 741 3969 mibi
766 3897 894 3998 sponte
915 3895 1015 3967 dabit
1039 3892 1119 3985 sua,
1152 3919 1196 3964 cx
1219 3891 1264 3965 iis
1284 3919 1377 3990 quae
1399 3917 1465 3963 nos
1487 3892 1649 3991 primum
1671 3888 1854 3962 edidimus
1880 3892 2065 3989 opusculis
2090 3920 2165 3967 non
2191 3921 2307 3991 {rauca

257 4022 333 4122 peti
360 4044 396 4097 et
419 4021 589 4123 cognosci
612 4051 703 4096 nora
728 4025 835 4125 posse.
903 4021 1097 4096 Edidimus
1120 4040 1239 4093 antem
1261 4020 1384 4094 omnia
1411 4020 1477 4112 ita,
1518 4041 1559 4093 ut
1587 4047 1605 4092 c
1633 4018 1832 4093 Codicibus
1859 4018 1968 4091 MSS.
1992 4019 2099 4094 nobis
2126 4019 2307 4121 descripta

256 4151 358 4245 sunt,
383 4149 457 4224 line
480 4151 582 4224 omui
604 4154 829 4227 correctione
844 4173 880 4224 et
900 4150 1215 4251 interpretatione,
1240 4174 1365 4246 neque
1385 4146 1514 4223 dubito
1536 4148 1634 4241 sore,
1658 4169 1701 4220 ut
1721 4147 1794 4220 boc
1820 4145 1982 4221 nostrum
2007 4148 2252 4222 confilimn
2221 4151 2307 4223 vrris

257 4276 408 4353 eruditis
431 4280 612 4379 probetur.
672 4280 797 4353 Unum
823 4279 938 4369 adde,
969 4278 1070 4377 quod
1095 4297 1130 4350 et
1157 4275 1274 4375 ipsum
1295 4306 1315 4349 a
1340 4277 1483 4349 nemine
1500 4296 1669 4375 negatum
1691 4276 1944 4375 imputabam,
1971 4280 2071 4352 Aelii
2091 4281 2310 4351 Heracliani

257 4406 441 4503 libellum,
477 4409 517 4481 id
545 4408 647 4507 quod
674 4407 748 4508 ipsa
771 4410 847 4481 cius
874 4406 1059 4505 inscriptio
1087 4404 1211 4497 docet,
1251 4404 1368 4481 rideri
1396 4430 1470 4478 non
1495 4403 1673 4501 integrum
1702 4401 1749 4475 ad
1771 4428 1839 4477 uos
1862 4405 2077 4502 pervenisse,
2113 4406 2178 4479 sed
2201 4408 2311 4480 muti·

257 4536 353 4629 lum,
391 4560 425 4609 et
453 4538 684 4609 librariorum
712 4537 749 4609 iu
778 4535 1023 4609 describendis
1053 4533 1111 4605 bis
1138 4561 1229 4633 quos
1261 4533 1374 4609 ruodo
1404 4522 1611 4608 ciurmcrari
1639 4532 1773 4606 libellis
1801 4534 2055 4634 negligentiam
2084 4535 2164 4609 satis
2188 4561 2310 4636 repre·

253 4662 368 4739 bandi
394 4666 451 4738 rix
477 4665 585 4763 posse.

361 4794 461 4867 llaec
486 4793 532 4869 de
562 4796 682 4896 priore
706 4794 814 4867 huius
840 4794 1032 4871 voluminis
1057 4814 1176 4893 parte,
1215 4820 1307 4891 quae
1334 4788 1522 4864 Ancedota
1546 4790 1685 4863 Graeca
1703 4791 1983 4890 complectitur,
2016 4791 2212 4891 praefanda
2240 4804 2309 4891 pu&

254 4924 423 5015 tarimus,
459 4924 606 5022 partim,
635 4946 694 5016 ut,
724 4923 822 4999 unde
842 4921 1007 5023 quidque
1032 4920 1188 4995 ductum
1218 4922 1278 5014 lit,
1311 4916 1525 5011 innotescat,
1555 4920 1703 5017 partim,
1734 4941 1770 4991 ct
1792 4922 2003 5021 praecipue,
2039 4944 2079 4994 ut
2103 4922 2230 4994 merita
2255 4921 2309 4997 vi·

257 5080 382 5126 rorum
409 5051 620 5146 doctorum,
646 5051 778 5151 quibus
803 5050 988 5122 Arrecdota
1013 5051 1074 5121 illa
1100 5048 1296 5141 debentur,
1332 5047 1419 5120 iullc
1440 5045 1614 5119 aellimari
1638 5044 1880 5143 laudibusque
1903 5052 2029 5124 extolli
2053 5048 2202 5151 pollent.

359 5180 530 5278 Sequitur
560 5203 600 5254 ut
633 5180 678 5253 tle
704 5180 1013 5253 Artrtotoliortibus
1037 5183 1092 5249 ad
1113 5182 1391 5275 Etymologicou
1417 5180 1602 5273 Magnum
1629 5202 1865 5275 exponamus,
1909 5206 1999 5274 quae
2030 5180 2177 5252 alteram
2205 5178 2308 5253 volu·

225 5321 228 5327 '
257 5306 365 5379 minis
390 5332 528 5407 partem
554 5312 758 5409 complent,
799 5329 835 5381 ct
864 5337 897 5407 p.
924 5312 1181 5381 685-1130.
1207 5306 1445 5407 reperiuntur.
1508 5302 1601 5378 Nam
1625 5331 1692 5379 nec
1721 5302 1789 5377 hae
1816 5304 1889 5393 siue
1920 5309 2120 5381 inultorum
2150 5306 2309 5379 aliorum

257 5458 326 5533 ope
356 5436 577 5539 conscriptae
602 5438 692 5512 sunt.
753 5437 798 5510 Et
822 5437 942 5536 primo
970 5433 1121 5537 quidem
1145 5436 1228 5510 loco
1250 5434 1345 5529 iuter
1363 5434 1451 5530 hos,
1482 5435 1548 5537 qui
1574 5461 1720 5536 operam
1742 5432 1899 5511 nostram
1923 5434 2157 5530 adiuverunt,
2186 5434 2310 5510 rursus
