4762 6030
747 598 1876 789 LECTQRI

1257 829 1289 893 S.
1333 826 1374 891 D.

977 1014 1656 1099 STVRZIVS.

289 1266 435 1443 Quod
461 1320 704 1423 Etymologici
730 1324 858 1425 Magni
881 1324 995 1403 editio
1009 1324 1267 1429 Sylbnrgiana,
1302 1354 1394 1428 quae
1417 1352 1461 1401 ex
1476 1322 1634 1399 Officina
1649 1316 1871 1395 commelini
1892 1344 1986 1393 anno
2014 1325 2119 1415 »594
2143 1321 2341 1421 prodierat,

286 1470 369 1521 ante
396 1450 585 1523 biennium
608 1450 750 1551 Lipliac
780 1456 932 1555 repetita
956 1454 1025 1551 ell,
1066 1454 1302 1529 hauddubie
1328 1456 1424 1531 inter
1449 1452 1632 1529 utilillima
1657 1448 1868 1525 recentioris
1895 1448 2019 1523 aeuus
2049 1449 2207 1524 inllitnta
2242 1474 2341 1531 reete

289 1578 451 1651 refertur.
515 1578 631 1653 Tanta
662 1582 758 1655 enim
786 1606 861 1659 erat
886 1587 1139 1687 exemplorum
1164 1585 1263 1659 illius
1295 1582 1466 1659 editionis
1494 1582 1634 1674 raritas,
1675 1600 1794 1653 tantus
1819 1598 1940 1650 antem
1968 1579 2243 1651 eurturicntium
2274 1607 2340 1651 uu·

288 1734 427 1801 marm,
461 1732 518 1801 nt,
557 1708 654 1783 unde
680 1714 843 1811 exentpla
867 1714 995 1813 colligi
1016 1737 1054 1789 et
1078 1712 1195 1789 coemi
1221 1712 1379 1815 pollent,
1410 1712 1469 1787 titt
1496 1710 1726 1809 intelligeres.
1785 1707 1839 1781 Ita
1865 1705 1951 1779 hinc
1976 1707 2226 1807 exemplorum
2251 1734 2338 1807 pau·

287 1834 398 1929 citas,
431 1838 532 1909 illinc
561 1836 706 1911 emendi
735 1838 975 1943 discendique
1001 1842 1223 1943 cupidorum
1251 1841 1469 1937 multitudo,
1509 1839 1617 1915 facile
1642 1862 1825 1938 quemque
1854 1830 2006 1927 docent,
2047 1833 2234 1932 qnornodo
2261 1837 2338 1909 lieri

286 1966 463 2061 potnerit,
519 1989 560 2039 ut
596 1968 692 2043 libro
729 1969 838 2043 molis
872 1998 947 2047 non
978 1970 1181 2047 admodum
1217 1996 1368 2071 magnae
1401 1970 1597 2044 maximum
1636 1966 1850 2039 statueretur
1883 1984 1921 2039 et
1958 1961 2143 2037 interdum
2182 1965 2339 2037 immane

287 2094 455 2187 pretinm.
525 2094 622 2169 Nam
654 2098 739 2171 licct
770 2124 878 2173 nemo
911 2098 1061 2194 nesciat,
1109 2102 1223 2175 multa
1252 2122 1289 2175 et
1318 2098 1468 2196 iullgnia
1494 2096 1564 2171 ell'e
1598 2096 1636 2168 lu
1664 2092 1914 2195 Etymologico
1946 2090 2012 2164 illo
2037 2089 2138 2188 villa,
2173 2120 2264 2193 quae
2290 2120 2336 2167 ne

287 2218 563 2293 Sl'LBtIRGll
598 2222 747 2321 quidem
778 2222 966 2327 diligentia
998 2251 1034 2301 et
1063 2228 1109 2299 ad
1139 2225 1424 2325 investigandum
1451 2226 1617 2324 sagacitas
1636 2224 1689 2322 *),
1728 2222 1859 2295 merite
1886 2221 1949 2293 illa
1975 2220 2021 2291 ab
2046 2220 2217 2293 omnibus
2243 2220 2337 2295 cele·

290 2345 408 2439 brata,
442 2371 502 2420 ant
526 2351 706 2450 corrigere
728 2356 869 2449 omnia,
900 2378 961 2429 aut
981 2358 1040 2429 t'el
1063 2354 1230 2456 detegere
1254 2355 1434 2455 potuerit:
1472 2380 1548 2426 nou
1574 2352 1694 2423 minus
1717 2370 1835 2423 tamen
1860 2370 2001 2421 certum
2023 2346 2194 2442 habetur,
2225 2350 2341 2425 nemi·

290 2500 374 2545 nent
398 2476 502 2548 saeilc
529 2502 564 2551 et
587 2506 703 2580 aequo
731 2484 853 2559 animo
881 2486 975 2561 serre
1004 2485 1183 2586 inopiam,
1216 2482 1425 2585 praesertim
1447 2480 1474 2555 li
1501 2479 1698 2581 specimina
1725 2474 1932 2571 doetrinae,
1969 2504 2062 2576 quae
2088 2478 2169 2577 quis
2194 2478 2239 2551 ab
2260 2480 2340 2553 aliia·

288 2600 413 2701 pallam
435 2604 472 2675 in
501 2606 615 2681 libros
644 2608 726 2683 litos
753 2636 796 2681 er
815 2586 1069 2713 Etptiologico
1096 2636 1270 2714 tauquam
1297 2640 1317 2687 c
1343 2610 1500 2713 limpido
1528 2610 1585 2687 vel
1616 2628 1712 2685 certe
1737 2633 1812 2682 non
1843 2606 1949 2678 nimis
1978 2604 2126 2681 turbido
2148 2607 2250 2681 fonte
2277 2607 2342 2683 de·

291 2726 398 2802 ducta
420 2735 612 2831 repererit,
649 2736 718 2809 lint
745 2736 944 2836 eiusmodi,
979 2765 1019 2816 nt
1047 2770 1130 2819 rere
1158 2772 1200 2820 ex
1223 2742 1267 2816 iis
1295 2740 1384 2814 disci
1411 2764 1447 2816 et
1470 2768 1600 2842 magno
1623 2738 1848 2812 incremento
1875 2733 2059 2807 seientiam
2090 2738 2211 2833 angeri
2241 2736 2342 2837 polle

290 2881 473 2958 appareat,
504 2891 578 2963 quo
605 2866 646 2935 lit
668 2886 709 2937 nt
733 2866 834 2941 snam
862 2872 1018 2971 quisque
1047 2870 1141 2945 litim
1164 2900 1208 2945 ex
1233 2870 1365 2947 eodem
1389 2872 1488 2947 sonte
1512 2868 1728 2967 rellingncre
1752 2864 1875 2965 cupiat
1899 2891 1940 2937 ac
1968 2861 2101 2937 ledere.
2156 2864 2344 2942 Praeterea

289 3008 386 3061 tanta
409 2990 458 3061 est
477 2993 750 3065 annotationum
772 2994 1050 3073 SYLBURGII
1075 3000 1286 3101 praestantia
1312 3025 1347 3077 et
1368 3002 1523 3093 utilitas,
1558 3020 1598 3069 ut
1621 2996 1677 3069 vel
1703 2994 1834 3067 ltartun
1858 2993 1960 3067 causa
1986 3020 2090 3091 aegre
2114 2992 2195 3091 quis
2219 3020 2341 3069 carere

293 3114 389 3191 libro
415 3120 579 3195 voluerit.
642 3118 791 3195 Nemini
817 3126 925 3225 igitur
951 3130 1059 3223 ntira,
1095 3159 1304 3231 quanquam
1327 3130 1496 3206 omnibus
1522 3124 1704 3200 laudanda
1727 3120 1964 3233 videbuntur,
2001 3148 2092 3223 quae
2119 3120 2341 3219 Lipliensetu

294 3244 536 3347 Etymologici
561 3250 687 3351 Magni
715 3255 967 3355 repetitionem
991 3257 1110 3333 secuta
1134 3260 1236 3355 litut,
1269 3262 1324 3335 rel
1348 3261 1457 3333 etiam
1485 3253 1714 3359 praecellere.
1774 3250 1911 3325 Partim
1932 3250 2030 3325 enim
2056 3276 2172 3350 qumn
2199 3249 2239 3323 id
2264 3278 2344 3351 age·

291 3396 406 3469 retur,
451 3398 492 3451 nt
523 3381 618 3479 typis
650 3404 873 3483 repeteretur
904 3386 1015 3481 liber,
1063 3390 1196 3490 partim
1225 3389 1373 3462 fimnlac
1401 3390 1495 3463 laum
1528 3387 1774 3477 increbuerat,
1823 3381 1901 3455 sore
1930 3402 1971 3453 ut
2006 3378 2340 3473 SCllAEFERUS,

290 3500 470 3577 Prosellor
496 3506 706 3605 Liplienlis,
746 3512 848 3583 cuins
876 3514 913 3586 in
944 3515 1065 3588 literas
1088 3520 1243 3591 Graecas
1266 3520 1396 3591 merita
1421 3514 1542 3589 denno
1570 3514 1753 3588 celebrare
1782 3511 1874 3583 relle
1904 3507 2126 3607 superfluum
2153 3506 2222 3581 ell'e
2248 3509 2343 3581 arbi-

294 3648 387 3723 tror,
423 3634 672 3707 annotationes
700 3634 748 3707 ad
772 3636 1050 3738 Etpnologicon
1072 3644 1247 3743 Magnum
1272 3644 1459 3743 colligeret
1482 3642 1724 3737 collectasque
1752 3636 1940 3727 adiiceret,
1984 3656 2061 3706 tum
2089 3660 2174 3711 vero
2200 3634 2342 3709 videres

293 3757 473 3855 egregiam
497 3758 777 3859 l'lrilologorum
798 3790 864 3863 per
888 3774 1056 3865 Europae
1079 3791 1190 3842 terras
1213 3772 1451 3863 voluntatem,
1480 3768 1817 3863 humanitatemque
1846 3762 1990 3863 prorsus
2014 3764 2198 3853 eximiam,
2224 3787 2260 3837 et
2282 3766 2339 3839 vir

292 3882 469 3959 credibile
492 3886 639 3961 iurandi
667 3890 790 3964 literas
816 3892 972 3966 Graecas
1000 3894 1167 3971 [ludium.
1235 3898 1400 3973 Primum
1425 3898 1525 3974 enim
1549 3898 1619 3971 Vir
1643 3894 1814 3989 Illtdlris,
1850 3878 2088 3967 IEREMIAS
2113 3894 2339 3970 DAVIDES

292 4012 553 4109 REt'ssws,
593 4016 846 4119 Augnllillimo
871 4022 1025 4123 Magnae
1050 4024 1257 4101 Britanniae
1282 4028 1371 4129 Regi
1398 4058 1417 4101 a
1445 4026 1613 4102 Confiliis
1640 4024 1783 4118 aulicis,
1820 4022 1857 4097 in
1885 4020 2122 4095 Univerlitate
2154 4022 2340 4098 literarum

295 4142 542 4243 Goettingenli
563 4144 744 4220 Prosellor
765 4152 952 4250 publicus,
979 4174 1015 4228 et
1032 4152 1284 4233 Bibliothecae
1300 4157 1524 4233 academicae
1545 4176 1689 4231 etnator
1710 4151 1918 4253 primarius,
1942 4148 2206 4225 eBibliotheca
2226 4151 2339 4226 modo

295 4272 409 4363 dieta,
439 4272 500 4345 eui
521 4270 657 4351 summa
679 4306 765 4349 eum
790 4277 897 4355 laude
920 4282 1073 4380 praeell,
1107 4284 1201 4359 milit
1226 4286 1489 4387 thtographum
1514 4282 1756 4387 Etymologiei
1781 4282 1871 4357 olim
1892 4278 2074 4372 Gudiani,
2103 4306 2203 4353 nunc
2227 4280 2340 4353 Guel-

293 4399 528 4501 pltcrbytani,
564 4430 651 4475 euru
676 4408 811 4481 notulis
832 4408 1055 4486 LUEllEllI
1088 4412 1470 4509 KULENltAMPn,
1510 4410 1721 4487 Prolell'oris
1749 4413 1839 4485 olim
1867 4406 2150 4507 Goettingenlis,
2184 4403 2249 4503 qni
2278 4401 2337 4475 die

294 4554 368 4601 aar.
392 4529 545 4627 Augulli
579 4530 620 4605 Α.
652 4542 758 4630 1704.
794 4564 813 4611 e
840 4540 910 4611 vita
938 4540 1087 4615 excellit.
1156 4542 1231 4615 llic
1264 4543 1491 4643 Apographo
1519 4512 1586 4618 suo
1617 4542 1711 4615 ltanc
1741 4538 1890 4615 Codicis
1918 4536 2028 4639 iplins
2061 4531 2339 4631 descriptionem

295 4656 538 4757 praemiserat:
577 4658 748 4751 „Tonnts
771 4665 908 4763 parianus
926 4667 1074 4743 Codicis
1094 4670 1634 4773 Gudinno·Gnelpherbytaui,
1660 4671 1775 4743 sonna
1799 4665 2059 4769 quadripartita
2082 4660 2222 4759 scripti,
2250 4686 2338 4734 eon·

294 4786 384 4859 tinet
414 4786 501 4860 solia
540 4791 620 4859 alia.
695 4792 832 4866 Ultima
862 4796 1099 4907 rerbalsunt:
1142 4798 1349 4891 Κῄθδηλον
1372 4846 1426 4861 -
1440 4798 1643 4901 χίβδηλον
1676 4806 1747 4876 καὶ
1780 4795 1985 4895 κίβδηλον.
2057 4790 2160 4864 Alter
2191 4788 2337 4886 incipit:

293 4912 495 5004 &2¹3anoe
525 4913 547 4987 ὁ
578 4914 751 5019 ῥυπαρός
776 4944 842 4995 etc.
868 4925 1103 5025 continetque
1132 4930 1192 5003 sol.
1225 4936 1341 5023 1444,
1375 4930 1508 5030 quibus
1534 4930 1632 5005 soliis
1658 4932 1708 5023 03,
1735 4926 1875 5003 adiecta
1906 4924 1957 4999 cll
1981 4917 2135 5024 syntaxis
2159 4911 2340 5015 quaedam

291 5040 493 5114 lieenndum
524 5042 691 5119 ordinem
717 5048 986 5147 alphabeticum
1012 5056 1226 5156 constr-ipta.
1291 5058 1462 5159 Singulae
1485 5056 1729 5163 Etymologici
1760 5057 1910 5159 paginae
1936 5052 2093 5143 duabus,
2129 5067 2172 5121 nt
2200 5064 2338 5139 vocant,

139 5200 145 5285 Ι
335 5312 361 5389 *)
391 5309 438 5369 lle
468 5308 620 5369 l'ritleriei
652 5314 814 5399 Sylburgii
843 5320 910 5379 rite
944 5335 977 5382 et
1013 5324 1136 5407 scriptis
1168 5328 1293 5393 utiliter
1336 5332 1418 5393 serta
1447 5344 1535 5395 extat
1565 5330 1725 5394 Volttmini
1751 5328 1774 5389 l.
1804 5326 1967 5389 Novarum
1995 5322 2145 5383 Actorttm
2175 5312 2339 5375 Societatie

288 5412 350 5493 ¹⁰85
372 5414 472 5493 potr-ll
496 5418 803 5579 ‘'⁹‘'0'15'1‘Jdl'l‘lf'l'05
824 5424 971 5487 Ctettzm‘
991 5430 1110 5507 Οϊᾶῑὶθ,
1138 5454 1218 5514 quae
1239 5434 1292 5499 iu·
1336 5436 1403 5499 Lae
1423 5434 1578 5516 tenentis,
1607 5436 1646 5500 ab
1668 5418 1851 5517 Eielstadio
1871 5448 1998 5507 curato,
2027 5450 2058 5509 p.
2083 5419 2233 5506 59-90·

367 5533 566 5581 erraturos.
614 5562 621 5577 .
662 5563 671 5581 .
1443 5562 1461 5601 a
