4762 6030
268 236 355 285 nur
546 192 843 277 SPECIMEN
883 196 1382 275 EMENDATIONVM
1421 200 1495 275 ΕΤ
1535 200 2055 280 OBSERVATIONVM
2150 190 2154 197 ¹

269 401 347 477 suas
362 400 401 473 itt
424 397 497 472 hoc
519 422 612 496 opus
627 394 802 469 conferre.
856 390 967 479 Quod
988 391 1086 467 enirn
1105 392 1389 491 Harenbergius
1406 397 1451 471 V.
1467 396 1521 469 Cl.
1545 397 1703 497 pretium
1720 399 1888 473 Gudiaai
1898 456 1908 493 ,
1931 422 1966 474 et
1992 428 2059 474 con
2066 400 2254 500 sequenter
2271 426 2330 477 re·

272 508 459 604 liquorum
484 501 591 573 etiam
611 498 678 599 ipli
702 498 890 590 lintiliutn,
925 497 1033 570 uintis
1056 495 1245 597 deprimit,
1278 498 1316 571 itt
1345 527 1389 573 eo
1414 501 1594 601 iniquior,
1631 530 1743 603 quam
1770 506 1823 577 las
1854 503 1920 597 est,
1956 504 2024 577 else
2049 505 2141 575 mihi
2170 504 2325 579 videtur.

273 615 402 687 Primo
420 606 535 698 enim,
564 630 646 677 meo
667 601 816 701 quidem
838 599 996 693 indicio,
1020 600 1123 705 llatui
1143 603 1269 701 nequit
1283 600 1510 703 simpliciter,
1536 605 1637 706 quod
1654 628 1777 679 tanen
1792 608 1837 680 V.
1856 610 1901 681 D.
1926 609 2132 699 contendit,
2164 614 2329 682 codicem

252 720 439 790 ''Iltnmae
462 712 557 782 Gale
584 711 756 781 Gudioao
776 710 1066 801 praeferendum
1090 708 1156 804 effe
1181 708 1245 799 ²⁴).
1312 704 1407 779 Nam
1433 738 1537 802 cnut,
1578 708 1680 807 qnod
1709 709 1786 810 ipse
1809 713 1967 811 agnoscit
1992 714 2060 809 ²¹⁵),
2101 717 2329 807 diveqqffimi

277 819 363 912 lint,
395 814 544 888 minime
565 813 601 883 itt
620 808 799 885 eittsntodi
821 809 943 885 venire
967 808 1167 883 dclmill'ettt
1190 798 1513 909 comparationem}
1544 841 1614 911 qua
1635 814 1789 913 pretinm
1812 816 1922 887 nnius
1954 818 2100 887 alterins
2123 816 2230 889 laude
2262 816 2327 891 de-

277 923 453 1025 primitur.
520 914 670 989 Maximi
696 916 815 987 ltabeo
838 920 1004 987 chicon
1030 918 1168 1006 Plautii,
1207 912 1271 985 sed
1299 916 1337 986 in
1367 916 1403 987 se
1425 914 1641 1014 spectarunt,
1677 946 1751 991 non
1783 920 1928 992 relative
1953 916 2001 989 ad
2020 924 2324 1015 latinitatogricnm.

276 1028 374 1099 Huic
410 1022 509 1095 enim
542 1017 754 1091 illustrando
785 1020 978 1091 (tatianus
1007 1024 1119 1091 codex
1157 1020 1268 1115 tnagis
1296 1020 1455 1111 conscrt,
1504 1048 1613 1117 quam
1647 1022 1752 1119 plura
1791 1022 1926 1095 Lettica·
1963 1026 2142 1095 Plautiano
2185 1021 2326 1097 similia.

275 1134 460 1217 Secundo,
482 1150 573 1222 qnae
594 1120 815 1195 doctillimus
832 1124 1116 1219 Ismeniam-,grim
1132 1121 1317 1222 propinat,
1343 1144 1385 1193 ιιι
1404 1122 1640 1215 demonstret,
1664 1128 1881 1197 Gurliaunm
1899 1132 2057 1197 codicem
2076 1126 2196 1221 magni
2217 1127 2327 1225 pretii

279 1232 381 1309 hand
402 1229 489 1319 elle,
522 1228 570 1299 ita
592 1248 798 1325 comparata
820 1228 919 1318 sunt,
944 1248 984 1298 ιιι
1009 1227 1046 1298 in
1070 1232 1363 1322 Jr'tyrrtolagicrrm
1388 1254 1535 1324 qnoque
1559 1224 1768 1326 intprcllitm
1793 1228 1939 1322 cadant,
1972 1228 2135 1326 adeoque
2157 1250 2192 1299 et
2214 1230 2333 1305 huius,

277 1333 571 1413 existimationem
595 1326 816 1427 deprimant,
857 1330 959 1427 quod
983 1353 1099 1401 tamen
1125 1328 1212 1401 alilti
1228 1328 1281 1433 ²⁶)
1311 1330 1442 1403 debitis
1472 1330 1641 1403 laudibus
1668 1332 1796 1404 evehit.
1859 1331 2035 1404 Attendat
2064 1332 2177 1403 modo
2205 1333 2325 1407 lector

279 1442 326 1517 ad
350 1468 407 1531 ea,
438 1462 530 1533 quae
555 1432 609 1507 vir
633 1432 762 1505 doctus
786 1434 832 1506 dc
855 1462 942 1507 voce
964 1437 1110 1524 ,delean
1135 1444 1267 1519 (ocum
1286 1433 1498 1525 denota'ntc,
1525 1462 1600 1507 nott
1622 1440 1748 1508 Deam
1770 1440 1985 1523 Redonum,
2017 1456 2053 1507 et
2075 1435 2161 1506 ltiuc
2185 1456 2282 1509 recte
2305 1462 2328 1509 a

277 1545 388 1620 verbo
408 1541 579 1633 βαλλειν
601 1534 783 1629 derivata)
803 1537 889 1609 item
913 1536 958 1610 de
986 1538 1195 1617 nominibus
1209 1540 1455 1633 Iiyzotttium,
1479 1543 1749 1635 Brtmdustum,
1776 1560 1811 1611 et
1835 1539 1881 1611 dc
1902 1541 2014 1614 verbo
2038 1541 2207 1629 βαλλειν
2224 1543 2328 1613 iacu-

276 1651 382 1723 laudi
405 1642 640 1741 significatum
655 1638 826 1730 habente,
842 1640 887 1739 ²⁷)
914 1644 1070 1739 profert,
1093 1664 1128 1713 et
1153 1639 1358 1739 perspiciet,
1384 1640 1512 1711 similia
1531 1643 1657 1741 plane,
1678 1642 1753 1715 imo
1772 1640 1917 1733 eadent,
1941 1642 1980 1713 iu
2003 1644 2250 1736 Erytnotogt'co
2264 1646 2328 1717 M.

279 1748 451 1837 inveniri,
489 1771 580 1843 qnae
610 1747 782 1815 (ittdiono
806 1766 845 1815 ut
875 1745 1021 1845 propria
1043 1766 1079 1817 et
1104 1745 1202 1843 prira
1224 1744 1457 1816 oltiicitnttur.
1520 1746 1666 1817 Maneat
1697 1743 1812 1837 igitur.
1833 1745 1921 1817 huic
1945 1744 2066 1819 codici
2094 1744 2325 1821 litushonoa

279 1854 456 1949 suumque
483 1848 659 1948 pretium,
696 1869 777 1918 utut
799 1848 959 1939 mendis,
995 1846 1096 1947 qnod
1119 1848 1222 1918 nullo
1247 1846 1358 1919 modo
1382 1849 1606 1947 negaverim,
1640 1847 1773 1939 oblite,
1808 1870 1890 1921 utut
1912 1848 2113 1938 erroribus,
2137 1857 2223 1918 'tunt
2250 1870 2327 1949 ety-

278 1954 483 2053 ntologicis,
509 1973 587 2021 tum
612 1951 860 2049 geographicis
883 1953 1031 2050 repleto.
1084 1952 1228 2024 Maneat
1252 1974 1288 2023 et
1313 1954 1435 2023 Gudio
1456 1952 1517 2023 sua
1540 1951 1739 2049 integritas,
1768 1952 1871 2023 cuius
1890 1978 2012 2023 manes
2037 1950 2112 2022 salli
2133 1948 2326 2049 postulare,

281 2061 369 2159 quin
389 2057 479 2129 tanti
498 2055 620 2147 flagitii
643 2053 848 2125 insimulare
867 2055 999 2145 nolint,
1030 2076 1071 2126 nt
1096 2082 1198 2146 enm,
1231 2055 1333 2127 nulla
1355 2054 1441 2125 licet
1465 2052 1622 2154 pressum
1644 2055 1696 2127 rei
1717 2053 1931 2128 domesticae
1958 2053 2133 2153 angustia,
2162 2050 2328 2153 (quaestui

281 2160 430 2237 inltiall'e
455 2160 597 2258 prorsus
624 2158 793 2229 illiberali
822 2156 940 2229 dicant
961 2160 1019 2255 ²⁸).
2051 2166 2054 2171 ’

383 2264 468 2349 Qun
485 2288 568 2333 reto
590 2261 704 2332 lector
726 2261 933 2357 cognoscat,
957 2290 1029 2357 qua
1055 2261 1191 2331 ratione
1212 2287 1297 2331 cum
1317 2264 1438 2331 codice
1456 2261 1627 2331 Gallione
1640 2286 1890 2363 comparatum
1903 2262 1965 2353 fit,
1992 2289 2035 2334 ex
2056 2289 2100 2335 eo
2116 2283 2330 2361 argumenta

281 2366 456 2469 quaedam
479 2366 514 2434 in
541 2392 597 2435 aes
619 2362 731 2433 incidi
753 2364 884 2435 curari.
938 2365 1056 2459 Sclegi
1079 2364 1154 2435 eius
1177 2364 1317 2461 generis
1343 2362 1557 2463 specimina,
1590 2390 1633 2435 ex
1657 2368 1789 2461 quibus
1814 2365 2165 2439 tutnzcltaracterttm
2189 2367 2330 2461 figurae.

280 2470 437 2545 diversae
457 2489 493 2539 et
517 2466 711 2564 scripturae
732 2465 965 2565 compendia,
997 2467 1093 2538 lectn
1116 2465 1197 2537 satis
1224 2462 1404 2557 difficilia,
1436 2462 1579 2564 poll'unt
1597 2468 1784 2565 cognosci,
1814 2492 1911 2559 tum,
1945 2495 2037 2566 quac
2057 2469 2329 2567 properantium

184 2590 190 2601 '
279 2572 525 2672 exscriptoris,
554 2572 608 2642 rel
633 2569 708 2639 eins
730 2570 952 2641 oscitantiam
974 2568 1185 2660 ostendunt,
1211 2568 1428 2641 utendorum
1449 2569 1632 2661 omnium,
1653 2599 1747 2669 quac
1767 2573 1869 2671 operi
1890 2570 2061 2663 inlidcttt,
2080 2569 2324 2665 scaturigines.

383 2679 549 2751 Primum
567 2674 771 2771 exemplum
795 2674 938 2743 initium
960 2675 1069 2746 totins
1092 2673 1211 2770 ‹tperis
1235 2671 1399 2765 exhibet,
1423 2695 1459 2744 et
1482 2699 1565 2743 cnut
1587 2676 1824 2747 Ultroiectiuo
1839 2678 1913 2748 sere
1933 2674 2109 2748 convenit.
2165 2663 2329 2771 Titulus,

282 2788 367 2857 Συν
384 2782 465 2879 dep
487 2808 584 2874 caen
610 2806 675 2864 της
697 2807 804 2848 κατα
828 2802 1018 2874 arausicae
1039 2778 1315 2873 ιιυμολογιας,
1342 2775 1379 2847 in
1412 2778 1598 2847 [Llraiect.
1625 2777 1731 2850 dccll.
1784 2790 1892 2878 Αρχη
1918 2807 1991 2852 του
2010 2785 2051 2853 Α
2071 2801 2274 2874 στοιχειου.

382 2898 419 2959 A
425 2888 458 2973 ,d
471 2885 554 2955 oie
565 2938 576 2971 ‚
610 2882 767 2965 (Ultrui.
790 2880 930 2979 semper
953 2882 1132 2971 odaiae,
1160 2875 1264 2951 etsie
1288 2905 1437 2977 quoqne
1462 2883 1680 2975 'l'urrifonua
1704 2912 1738 2981 p.
1757 2908 1789 2955 a.
1811 2888 1870 2953 54.
1892 2888 1977 2953 edit.
1999 2883 2119 2976 ifilyllr.)
2141 2884 2327 2977 σχετλια-

283 3014 421 3065 στικον
446 3014 656 3081 wippone,
692 3013 799 3079 acque
824 3012 868 3057 ro
895 2986 1055 3074 βαλλω,
1097 3014 1169 3057 και
1193 3010 1295 3079 μετα
1318 3010 1392 3056 τοι]
1417 3011 1648 3057 επιτατικου
1674 3014 1720 3074 α,
1753 3014 1946 3085 ιπιρρημα
1974 2986 2117 3073 aeduis.
2273 3072 2277 3079 Ι

384 3097 441 3181 Α,
467 3092 625 3175 (terrai.
643 3086 750 3159 ltabet
776 3091 904 3177 Bal,
934 3086 1061 3159 outiss'o
1083 3084 1211 3157 ittitiali
1230 3093 1277 3159 A.
1329 3084 1538 3183 Saepissime
1560 3088 1697 3179 evenit,
1722 3112 1762 3161 ut
1785 3090 1908 3163 literae
1934 3088 2107 3181 initiales,
2135 3084 2330 3187 qnae-ples

284 3218 438 3288 rumque
465 3192 588 3263 colore
615 3192 725 3261 rubro
757 3189 1012 3288 pingebantur,
1047 3187 1191 3261 otnill'ac
1217 3188 1295 3261 lint.
1361 3186 1448 3259 Vid.
1475 3187 1637 3287 Exempl.
1660 3192 1726 3265 ΙΙΙ.
1754 3193 1816 3264 litt.
1842 3216 1874 3283 7.
1908 3192 1985 3263 init.
2016 3191 2080 3263 ulti
2106 3180 2327 3287 φανθήραν

281 3328 347 3397 pu)
369 3298 636 3393 chert‘trmuv,
678 3314 713 3363 et
743 3293 765 3362 Ι.
797 3318 851 3363 ιι.
877 3293 952 3363 init.
978 3320 1163 3391 qtcpevoa
1192 3318 1261 3391 pro
1288 3299 1513 3389 Eqaeeptvov.
1580 3292 1667 3395 Leg.
1699 3296 1807 3396 igitur
1835 3322 1919 3367 cum
1946 3290 2115 3393 impresso
2144 3322 2179 3395 p.
2207 3322 2237 3367 t.
2263 3301 2327 3369 54.

278 3392 433 3493 ,ι’βαῖ.)
458 3426 668 3494 ιπιρρημα,
701 3426 810 3493 παρα
832 3424 878 3470 το
902 3399 1044 3485 udaie.
1655 3406 1659 3417 '
2212 3406 2220 3415 '

381 3510 437 3587 A,
458 3506 751 3598 ιῐχιτλιαστικον
765 3528 1032 3599 αναᾳωνημα,
1056 3528 1125 3573 και
1145 3520 1324 3595 σιιστημα
1344 3493 1508 3572 deiectam
1561 3497 1765 3593 (Consentit
1786 3503 1919 3574 sarrai.
1948 3497 2056 3571 Deest
2081 3498 2120 3570 in
2143 3498 2327 3599 impresso.

280 3604 482 3706 Hadriam
496 3604 603 3677 ltaltet
628 3612 723 3693 Aa,
749 3623 786 3677 et
807 3602 958 3689 ὑδιιτος.
1012 3602 1248 3693 ductoribus,
1272 3628 1293 3671 a
1315 3606 1350 3673 J.
1369 3604 1514 3675 Altera·
1535 3602 1715 3697 excitatis,
1741 3602 1835 3678 adde
1861 3610 1937 3678 Ion.
1955 3610 2123 3676 Raraum
2142 3603 2188 3677 de
2209 3608 2280 3703 Uly
2305 3634 2327 3679 e

278 3730 313 3785 ct
339 3715 496 3795 Uatiae,
529 3738 563 3806 p.
592 3713 672 3777 151.
696 3707 770 3805 ²⁹))
2267 3744 2272 3755 ·

382 3814 582 3902 Ααδιιιν,
618 3812 747 3906 ostar-1¹
767 3810 924 3897 (Ultrai.
951 3810 1044 3881 male
1068 3813 1229 3905 ogiae),
1268 3836 1437 3904 artoptae.

380 3912 562 4011 Αιιδεμ,
590 3912 692 3987 tireio
712 3916 859 4013 ορθρος
880 3912 1005 4004 (Male.
1044 3918 1176 3985 bitrai.
1203 3908 1326 3985 ιιαδιν
1352 3910 1438 3987 derce
1457 3938 1622 4011 κοπρος,
1650 3914 1752 4011 quod
1774 3916 1925 4016 propius
1948 3913 1996 3987 ad
2015 3918 2244 4014 Hesychium
2266 3942 2326 3991 ac·

278 4018 385 4095 cedit.
439 4017 558 4087 llaltct
580 4016 608 4087 is
627 4013 792 4109 ααῦινη,
829 4018 916 4091 deca
936 4032 1109 4113 xoapog).

282 4168 288 4179 ·
381 4120 576 4212 Addua,
607 4118 823 4211 ὑπατηθην.
874 4124 1031 4205 (Ultrai.
1060 4140 1154 4191 recte
1178 4116 1395 4207 ητιατηθην.
1430 4144 1474 4188 το
1502 4146 1529 4190 v
1548 4118 1682 4191 centies
1705 4146 1789 4191 cum
1811 4150 1863 4221 τῳ
1886 4152 1909 4211 η
1932 4124 2184 4224 permutatur.)

320 4250 323 4255 '
381 4232 629 4313 Αακιιτος,
668 4252 835 4321 apianae
857 4250 1028 4319 xuaprog.
1086 4230 1365 4320 Αακραγες,
1405 4242 1668 4321 συυςκοπρος.
2273 4230 2280 4241 “

380 4338 487 4401 Αακ
498 4354 547 4399 το
559 4356 598 4417 ν,
629 4330 873 4425 adportato-v.
924 4333 965 4399 Α
972 4329 1138 4417 eirea,
1176 4327 1386 4414 castrator.
1439 4324 1646 4415 (Deficiunt
1672 4326 1712 4397 in
1742 4331 1876 4400 latrat.
1904 4352 1940 4402 et
1964 4327 2157 4430 impresso.)

383 4428 601 4529 speciminis
615 4434 775 4523 secundi
801 4428 945 4501 initiunt
976 4428 1023 4500 ad
1051 4456 1177 4503 rocem
1211 4450 1354 4511 ιιινεσις
1380 4424 1611 4499 referendum
1640 4426 1706 4521 est,
1743 4431 1845 4505 cuius
1874 4431 2066 4533 explicatio
2088 4432 2326 4515 iisdemmer·

280 4532 357 4623 ltis,
401 4531 465 4605 scd
495 4534 638 4607 turbato
665 4533 813 4624 ordine,
846 4530 885 4604 in
907 4538 1065 4629 Etymol.
1089 4530 1258 4631 intprcll'o
1285 4526 1453 4603 occurrit.
1526 4529 1580 4601 Ita
1609 4531 1707 4603 enim
1736 4533 1845 4607 ltabet
1868 4566 1902 4636 p.
1925 4540 1985 4609 56.
2015 4540 2070 4608 14.
2106 4546 2325 4635 Αινεσις,

280 4666 387 4735 :crepa
419 4666 464 4711 ro
487 4666 603 4728 cerret,
653 4662 810 4725 αινεσω,
861 4664 979 4711 τουτο
1000 4667 1108 4737 παρα
1134 4665 1179 4710 το
1202 4662 1329 4725 oreae,
1369 4659 1487 4705 τουτο
1510 4663 1618 4733 παρα
1641 4664 1686 4709 το
1715 4652 1837 4712 trecea.
1912 4639 2068 4740 (Omnia
2096 4640 2185 4714 haec
2214 4646 2327 4719 verbtt

279 4754 321 4809 e'x
354 4742 527 4811 Gadium>
563 4740 716 4813 exulant.
784 4740 978 4837 Sequitur)
1017 4741 1039 4815 ὁ
1076 4743 1229 4839 peilam
1262 4752 1378 4825 treva,
1437 4766 1509 4810 και
1545 4746 1587 4824 εξ
1623 4768 1752 4813 αυτου
1782 4756 1912 4837 ιιι-νος,
1967 4774 2039 4817 και
2073 4773 2114 4818 εν
2153 4744 2326 4846 ὑπερβι-

279 4848 425 4943 ,littorea
451 4874 522 4916 και
544 4868 680 4941 κρασιι
700 4874 819 4929 certate.
871 4842 1075 4941 (Hactenus
1105 4861 1318 4941 congruunt.
1369 4838 1509 4913 Vereor
1536 4862 1673 4933 autent,
1704 4870 1768 4936 uc,
1802 4846 1954 4943 quaein
1977 4844 2146 4945 impresso
2169 4846 2328 4947 sequnn-

283 4966 358 5035 tur,
405 4946 562 5044 separate
594 4945 782 5017 scribenda
812 4944 897 5039 lint,
947 4948 995 5019 ita
1025 4946 1099 5019 scil.
1135 4968 1176 5019 ιιι
1206 4972 1276 5051 rost
1309 4971 1420 5029 αινος
1452 4966 1649 5042 repetatur,
1696 4968 1730 5018 et
1759 4976 1844 5019 cum
1875 4946 1998 5021 addita
2030 4950 2328 5050 interpretatione

276 5078 410 5147 γνωμῃ
431 5095 483 5107 -
509 5048 630 5119 ad-
656 5074 864 5149 ψῃᾳισμα,
907 5078 1042 5126 uotum
1066 5050 1260 5125 articulum
1286 5045 1486 5123 constituat.
1554 5046 1636 5122 Hoc
1665 5071 1706 5121 ut
1736 5050 1900 5147 credam,
1939 5052 2107 5126 Gudioni
2134 5056 2330 5131 auctoritas

275 5194 530 5210 m

322 5258 376 5337 24)
400 5254 477 5317 lbid.
498 5280 528 5337 p.
550 5258 624 5334 293·
1160 5236 1172 5243 .
1369 5260 1421 5339 28)
1441 5246 1529 5318 dbid.
1555 5281 1587 5340 p.
1608 5261 1681 5321 285.
1709 5264 1764 5323 ubi
1792 5264 1908 5324 diserte
1936 5264 2072 5341 dicitur,
2108 5264 2253 5325 Guttam
2278 5288 2328 5344 eo,

320 5366 374 5443 25)
400 5364 475 5421 laid,
498 5389 527 5445 P·
548 5366 623 5425 285.
1324 5345 1408 5426 quod
1430 5346 1578 5405 J’ltou'tmt
1603 5350 1719 5409 codicis
1748 5350 1794 5409 sui
1816 5350 2030 5411 venditaverit
2056 5364 2233 5429 auctorem,
2273 5356 2327 5415 vel

319 5476 374 5553 25)
399 5474 463 5533 lbid
507 5500 515 5531 ι
547 5480 605 5537 281
1323 5431 1452 5511 initiqffe
1473 5435 1627 5513 perafflati,
1664 5436 1716 5494 vel
1738 5437 1776 5494 ab
1805 5438 1868 5495 alio
1897 5437 1937 5497 ad
1964 5436 2045 5496 ltanc
2067 5436 2326 5501 all'erertttionem

467 5498 525 5555 'l'
612 5524 620 5539 ⁸
1323 5518 1414 5579 suillo
1437 5524 1575 5599 imperite
1599 5522 1770 5579 inductum.

322 5584 378 5665 27)
402 5585 478 5648 lbid.
502 5614 533 5673 P·
555 5611 628 5672 29²·
650 5596 724 5678 293.
1318 5648 1322 5655 -
1367 5604 1422 5687 29)
1448 5606 1568 5667 Prodiit
1589 5609 1686 5669 liutai
1709 5618 1861 5697 tractatus
1881 5610 2046 5693 Hasniae,
2076 5608 2169 5689 1716.
2192 5572 2292 5671 tvos
