4762 6030
155 203 231 255 xru
419 157 718 241 SPECIMEN
767 157 1269 271 EMENDATIONVM
1322 163 1394 239 ET
1448 161 1964 241 OBSERVATIONVM

263 364 328 439 IV.
363 357 533 457 Denique
559 352 663 429 aliud
690 351 811 427 adbuc
838 351 1045 453 glossarium
1067 354 1246 429 ineditum
1268 356 1517 458 usurpandum
1544 357 1637 431 mihi
1662 356 1831 433 concellit
1859 357 2125 433 excellentioris
2156 358 2215 431 iu·

164 470 261 585 genii
283 464 422 541 iuvenis
448 461 589 536 Abroh.
613 462 721 549 Katt,
759 460 838 530 lost.
865 460 1130 555 christophori,
1162 460 1281 533 Hebr.
1304 466 1418 558 Ling.
1447 461 1544 562 apud
1568 464 1795 555 Hojitieryea
1823 461 2027 561 professoris
2053 463 2216 535 celeber·

166 575 269 669 ritui,
307 569 421 657 filius,
454 560 579 651 lludiis
604 562 642 633 iu
664 562 733 633 bac
756 558 873 633 nostra
895 559 1078 634 academia
1099 560 1239 637 smntua
1258 591 1342 637 cum
1364 564 1472 639 laude
1490 566 1713 638 incumbens.
1773 564 1859 639 Fuit
1884 564 2072 666 quondam
2093 562 2213 639 codex

165 686 228 761 hic
259 679 422 750 Tltomae
446 668 668 741 BortltoIini.
728 660 976 767 Bomchinus
999 664 1067 758 est,
1105 664 1332 767 scriptusque
1357 669 1472 741 sorma
1499 696 1609 767 quam
1632 664 1762 743 vocant
1786 689 1926 759 octava,
1966 672 2215 745 aNicorIemo

168 780 375 867 Monaesen,
399 772 630 858 an1106804,
656 764 724 841 live
741 770 875 861 (serisii
898 775 1020 862 1296,
1048 766 1215 866 adeoque
1236 770 1351 843 tribus
1373 793 1514 846 tantum
1536 772 1639 845 annis
1656 774 1830 843 Gudiano
1854 772 2015 844 inferior.
2066 768 2215 845 Titulus

169 913 280 995 quent
305 877 413 979 gerit,
437 880 589 971 Ερανος
609 875 764 960 tegeor,
797 874 842 945 ab
866 871 976 945 altera
1002 898 1113 943 mauu
1136 871 1354 973 adscriptus,
1392 873 1480 948 iude
1503 872 1597 947 mihi
1615 895 1737 949 ortum
1763 872 1902 947 traxisse
1923 873 2081 964 videtur,
2107 872 2215 975 quod

168 998 208 1071 in
230 982 405 1066 Bibliotb.
428 980 552 1073 Regia
576 978 771 1067 Parislerss
801 972 1022 1047 Glossarium
1042 972 1110 1057 sub
1135 976 1208 1049 boc
1233 978 1339 1053 titulo
1370 977 1478 1053 exstat
1500 980 1548 1077 ¹⁵).
1607 976 1719 1049 Hunc
1743 976 1851 1075 igitur
1877 996 1913 1051 et
1935 975 1999 1051 suo
2027 975 2217 1076 adscripsit

170 1096 229 1173 vel
257 1082 496 1165 Bortbolinm
524 1078 580 1153 vel
611 1078 776 1177 priorum
802 1073 1036 1178 possessorum
1061 1078 1210 1177 aliquis,
1249 1103 1375 1180 utpote
1405 1082 1501 1153 libro
1527 1078 1909 1156 convenientislimum.
1966 1078 2215 1155 Reeeuseutur

162 1203 210 1275 'iu
237 1223 280 1269 eo
305 1212 414 1263 voces
434 1181 563 1257 ordine
585 1179 736 1278 quidem
761 1179 1008 1280 alphabetico,
1044 1180 1094 1253 ita
1116 1205 1255 1275 tamen,
1292 1206 1333 1257 ut
1352 1184 1471 1285 primo
1498 1207 1706 1285 apoevcxa,
1740 1180 1825 1255 dein
1848 1184 2033 1273 θηλυκα,
2065 1182 2217 1257 taudem

174 1300 359 1393 ovdertpct
383 1287 600 1376 reserantur,
639 1283 771 1382 quibus
794 1283 943 1355 demum
964 1285 1124 1385 ῥηματα
1146 1285 1365 1385 iunguntur,
1399 1309 1435 1361 et
1460 1285 1639 1389 postremo
1659 1313 1922 1386 camputtam:
1953 1286 2015 1358 illa
2042 1285 2219 1361 nimirum

175 1404 330 1487 ratione,
360 1411 402 1465 ut
424 1388 517 1462 duae
543 1386 681 1485 priores
706 1414 835 1462 vocum
857 1387 998 1481 literae,
1031 1416 1063 1462 v.
1091 1416 1121 1461 c.
1147 1395 1240 1481 Αβ,
1274 1392 1467 1490 quinquies
1491 1390 1536 1463 de
1563 1417 1656 1467 novo
1681 1410 1907 1489 repetantur,
1938 1390 2147 1489 priusquam
2166 1390 2219 1465 ad

174 1508 385 1607 sequentem
414 1520 487 1569 ron
514 1498 585 1585 Ay
620 1484 787 1564 ordinem
817 1489 1078 1563 recensendum
1118 1493 1289 1591 progredi
1318 1496 1427 1568 suerit
1454 1494 1606 1567 licitum.
1679 1490 1849 1565 Eundem
1877 1493 2045 1565 ordinem
2078 1492 2218 1568 servare

174 1610 342 1685 videntur
369 1598 553 1693 Glofforio
586 1590 763 1689 quaedam
784 1595 957 1669 Biblioth.
988 1599 1256 1683 coislinianae,
1305 1625 1464 1697 quorum
1495 1596 1516 1668 s
1511 1595 1689 1696 pecimina
1722 1595 1869 1669 exhibet
1891 1598 2135 1689 Motttsbucon
2156 1592 2220 1689 ¹⁶).

174 1716 300 1789 Servat
325 1730 408 1777 euru
430 1696 636 1791 certissime,
670 1693 773 1795 quod
794 1700 956 1771 Jolzormi
977 1702 1214 1792 Damascene
1236 1701 1408 1774 tribuitur
1425 1704 1591 1775 Lexicon
1606 1703 1690 1775 MS.
1715 1725 1800 1771 cum
1821 1703 2091 1793 Bougorsiorris
2116 1696 2221 1774 codi-

174 1818 279 1889 cibus
311 1809 350 1879 iu
381 1805 645 1879 Bibliarlacam
671 1805 897 1897 Beruenstm
925 1803 1154 1895 translatum,
1188 1804 1291 1875 euius
1318 1805 1563 1904 cognitionem
1590 1806 1670 1876 Jolt.
1695 1806 1791 1876 Rod.
1814 1806 1952 1875 Sirtuer
1977 1802 2013 1874 in
2044 1808 2222 1899 C'tttologo

76 1998 82 2007 ,
178 1920 352 1995 aulicum
375 1910 486 1983 MSS.
515 1906 686 1977 Bibliotlt.
710 1908 905 1998 Bermvfis
936 1905 1143 2003 nuperrime
1173 1906 1313 2004 prirmrs
1342 1905 1583 2007 suppeditavit
1607 1907 1663 2002 ¹7).
1715 1905 2000 2004 thmprimum
2021 1904 2221 2005 specimina

178 2020 269 2096 Ν.
296 2014 351 2085 Cl.
378 2007 536 2083 exhibita
560 2036 643 2079 cunt
667 2011 952 2081 Barth-clinicae
985 2009 1149 2081 conserve
1176 2008 1267 2080 mihi
1296 2008 1419 2081 datum
1442 2032 1533 2101 erat,
1574 2007 1691 2079 statim
1713 2007 1896 2107 perspexi,
1936 2028 2133 2106 utrumque
2157 2034 2223 2085 00⁴

179 2124 301 2197 dicem
330 2142 395 2216 per
418 2112 539 2185 onmia
563 2110 638 2183 sere
665 2111 869 2185 convenire.
929 2110 1062 2184 Litoris
1085 2138 1170 2211 ergo
1197 2110 1244 2183 ad
1273 2112 1404 2185 'Virmn
1437 2110 1711 2186 eruditissimum
1745 2110 1839 2183 datis
1866 2109 2116 2184 humanissime
2136 2110 2222 2191 luon

179 2226 316 2313 solum,
355 2214 460 2315 quod
485 2235 604 2313 gratus
624 2216 816 2312 profiteor,
849 2213 1053 2314 respondit,
1094 2240 1217 2289 verum
1242 2238 1278 2289 et
1301 2218 1401 2307 loca,
1436 2243 1528 2315 quae
1554 2242 1597 2287 ex
1617 2218 1904 2287 Bartholiniano
1926 2236 2091 2312 excerpta
2116 2212 2224 2289 mise·

181 2357 277 2420 rant,
314 2348 399 2393 cum
424 2323 605 2409 Berueust'
634 2317 793 2390 couserri
817 2318 972 2407 curavit,
1012 2318 1178 2391 benivole
1206 2320 1438 2416 promittens,
1475 2317 1511 2390 se
1535 2318 1739 2409 lubentem,
1773 2344 1864 2415 quae
1889 2317 2074 2415 inceptum
2098 2344 2224 2393 meum

181 2449 395 2535 promovere
417 2422 555 2510 valent,
589 2416 658 2489 ell'e
686 2416 1006 2517 suppeditaturum.
1071 2425 1228 2493 Saitlam
1253 2424 1373 2499 'sutem
1400 2443 1509 2518 atque
1531 2426 1790 2517 Etynzologttm
1814 2443 1854 2493 ut
1878 2421 2080 2520 plurimum
2102 2419 2224 2518 sequi·

179 2560 238 2610 tur
262 2555 338 2605 tum
361 2518 692 2603 Borlltolinittnttm
713 2542 791 2597 tum
809 2529 996 2619 Berneqe
1021 2526 1208 2619 ‚Lexicou5
1245 2522 1353 2626 digna
1378 2521 1538 2619 idcirco,
1572 2523 1766 2624 diligenter
1788 2550 1872 2597 curn
1893 2546 2048 2623 utroque
2069 2545 2110 2597 ut
2135 2549 2226 2599 con·

180 2642 350 2713 serantur.

282 2737 335 2810 Ex
360 2734 528 2808 indicatis
553 2735 656 2809 libris
681 2735 789 2809 MSS.
814 2763 909 2834 quos
944 2735 1036 2810 mibi
1067 2732 1205 2836 praesto
1232 2734 1300 2809 else
1334 2732 1634 2826 commemoravi,
1672 2734 1726 2807 uti
1758 2733 1856 2808 mole
1881 2733 2042 2831 reliquos
2068 2730 2224 2830 superat,

180 2846 230 2917 ita
252 2840 451 2942 plurimum
477 2866 623 2939 quoquc
646 2836 693 2911 ad
713 2838 984 2913 emendandum
1007 2861 1044 2913 et
1067 2839 1324 2914 restituendum
1346 2844 1639 2936 Egvmologr'cum
1667 2835 1876 2937 impressum
1905 2835 2080 2911 conducit
2108 2838 2225 2907 codex

184 2950 397 3037 Gudianus,
431 2942 561 3039 dignus
589 2942 773 3040 adeoque,
803 2964 845 3015 ut
872 2943 1018 3015 uberius
1041 2940 1272 3015 describatur.
1334 2942 1388 3015 Ex
1424 2941 1579 3039 professo
1607 2942 1680 3014 iam
1709 2940 1756 3013 de
1784 2968 1828 3013 eo
1861 2961 2010 3039 egerunt
2041 2934 2226 3011 duumviri

181 3043 493 3123 brunsvicensium
518 3045 679 3145 superius
703 3044 859 3138 laudati,
893 3051 928 3119 J.
947 3052 984 3120 (ἶ
1001 3050 1088 3123 Biel
1114 3067 1150 3118 et
1175 3049 1208 3119 J.
1235 3050 1272 3120 0.
1293 3048 1541 3141 Horenberg,
1575 3043 1799 3143 adquorum
1821 3045 1930 3142 igitur
1953 3042 2084 3141 scripta
2110 3041 2225 3112 lecto·

183 3180 262 3229 vem
286 3148 466 3222 remittere
490 3148 597 3221 liceat
620 3149 671 3245 ¹⁸).
732 3146 879 3220 Addam
902 3170 1059 3239 tantum,
1087 3174 1180 3245 qnae
1205 3149 1370 3223 ulteriori
1395 3147 1626 3222 illullratioui
1645 3146 1814 3220 inservire
1836 3146 1998 3245 possunt,
2028 3143 2252 3216 maculam·-

160 3248 255 3357 'que
278 3255 530 3347 Etymologico
551 3252 726 3323 Gttdiotto
752 3252 798 3321 ab
821 3255 1083 3349 Ilorertbergio
1109 3249 1153 3322 V.
1180 3249 1235 3322 Cl.
1259 3250 1461 3351 adspersam
1486 3253 1647 3325 conabor
1675 3250 1883 3347 abstergere.

287 3354 433 3427 Conslat
449 3359 562 3427 codex
580 3356 772 3426 Gudianus
793 3351 938 3429 duobus
951 3352 1209 3430 Voluminibus
1231 3355 1347 3428 serina
1369 3352 1631 3454 quadripartita
1654 3351 1814 3455 scriptis,
1841 3380 2000 3450 quorum
2020 3351 2120 3449 prius
2140 3350 2227 3443 162,

183 3462 337 3535 alterum
367 3462 437 3529 145
457 3457 565 3551 solia,
599 3458 741 3531 duabus
765 3476 805 3530 ut
826 3474 956 3533 vo'cant
981 3456 1162 3532 columnis
1193 3456 1376 3551 distincta,
1415 3458 1596 3548 continet,
1636 3457 1770 3555 quibus
1796 3456 1855 3529 sex
1877 3457 1946 3528 alia
1969 3453 2108 3525 adiecta
2129 3450 2226 3546 suut,

182 3561 344 3663 spatario
367 3558 569 3657 quandam,
600 3556 801 3633 secundum
831 3559 998 3636 ordinem
1022 3558 1293 3661 alphabeticum
1314 3556 1573 3661 conscriptam,
1598 3560 1813 3633 exhibentia.
1872 3558 1999 3632 Simile
2022 3556 2108 3631 huic
2132 3582 2227 3655 opu·

183 3668 323 3739 l'culum
347 3662 384 3735 iu
406 3664 576 3735 Biblioth.
602 3666 1070 3738 Mediam-Laurentiano
1089 3660 1221 3736 exstare
1244 3660 1407 3757 videtur,
1438 3662 1542 3737 euius
1565 3664 1692 3735 titulus
1714 3663 1779 3754 cst,
1805 3666 2119 3757 ,constructionem
2141 3662 2230 3752 sive

181 3772 349 3845 Lexicou
372 3768 566 3839 verborum
588 3772 693 3839 iuxta
714 3768 982 3862 Abababettrm,
1012 3772 1182 3840 indicans
1203 3772 1328 3863 casus,
1351 3767 1478 3865 quibus
1501 3768 1615 3839 verba
1640 3771 1860 3861 iunguntur,
1885 3780 1920 3835 et
1941 3766 2070 3839 brevia
2097 3788 2230 3835 exem-

175 3878 247 3972 pla
276 3872 580 3962 constructionurtt
611 3894 824 3967 apponena;
873 3870 1026 3945 docente
1056 3870 1337 3960 Moutjbucom'o
1359 3872 1417 3968 ¹⁹):
1458 3869 1533 3943 imo
1561 3891 1597 3942 et
1627 3869 1730 3941 aliud
1764 3865 1927 3941 ciusdem
1959 3870 2033 3941 sere
2061 3865 2228 3960 instituti,

185 3972 364 4048 diverlirm
387 3993 547 4047 tamena
573 3970 712 4065 nostro,
748 3969 933 4047 observare
956 3974 1042 4047 licet
1067 3973 1105 4045 iu
1130 3975 1301 4045 Bib‘ioth.
1327 3976 1571 4065 meletiana,
1603 3973 1706 4045 cuius
1733 3993 1899 4070 excerpta
1924 3972 1969 4044 ab
1993 3970 2123 4045 eodem
2146 3968 2227 4045 viro

183 4073 476 4178 praestantissimo
506 4073 722 4149 exhibentur
740 4077 800 4172 2η’).
861 4075 1026 4176 Scriptus
1057 4075 1106 4148 cll
1132 4080 1245 4149 codex
1272 4078 1466 4149 Gudianus
1489 4074 1614 4149 charta
1638 4074 1856 4175 bombycina
1879 4072 2078 4148 admodum
2105 4069 2230 4168 crassa,

185 4206 230 4253 ex
256 4177 482 4257 tenuioribus
513 4178 610 4253 soliis
645 4176 790 4252 duobus
814 4179 871 4253 vel
902 4180 1020 4252 tribus
1050 4179 1266 4253 coacervatis
1293 4180 1341 4251 ad
1369 4178 1478 4251 instar
1500 4179 1706 4252 chartarum
1730 4176 1947 4251 lusoriarum
1970 4176 2229 4274 conglutinate.

187 4284 335 4372 Arruns,
360 4306 436 4377 quo
461 4277 658 4379 exscriptus
677 4278 743 4371 est,
773 4280 811 4351 iu
834 4284 906 4355 fine
932 4286 1178 4379 Ep‘mologici
1200 4280 1399 4376 indicatur,
1433 4308 1496 4374 eo,
1527 4303 1568 4355 ut
1594 4281 1641 4355 N.
1666 4279 1731 4355 IV.
1754 4279 1844 4353 Tab.
1865 4306 1993 4356 aeneae
2015 4278 2138 4355 videre
2165 4276 2231 4375 est,

186 4383 316 4458 modo:
339 4382 413 4455 scil.
435 4387 544 4469 τελος
565 4410 780 4483 aspamam
800 4386 959 4474 αληθως
974 4384 1179 4483 (simeram,
1202 4413 1325 4481 μηνος
1344 4412 1610 4486 φευρουαριου
1635 4414 1702 4476 ιη,
1729 4383 1855 4483 ἡμερᾳ
1870 4383 1914 4477 ὃ,
1942 4412 2008 4475 της
2026 4380 2230 4457 arsennar-

186 4517 254 4573 νος
279 4516 321 4577 ς,
353 4514 463 4573 troiae
485 4514 598 4588 ,ecem
651 4485 750 4559 Sive:
782 4485 968 4560 absolutus
988 4487 1038 4559 ell
1062 4484 1191 4559 mensis
1205 4488 1391 4561 Februarii
1419 4492 1485 4582 18,
1511 4487 1600 4561 seria
1626 4494 1669 4580 4,
1694 4486 1904 4559 indictionis
1928 4490 1971 4580 6,
2002 4485 2090 4558 anni
2109 4488 2230 4559 6801:

187 4590 228 4661 id
248 4588 297 4661 ett
320 4585 499 4661 salvatoris
522 4584 633 4660 nostri
663 4594 771 4683 1293.
825 4586 926 4675 Quid
953 4588 1019 4662 libi
1044 4590 1155 4665 velint
1176 4592 1282 4663 verba
1308 4622 1357 4663 αι
1380 4596 1464 4685 sit-e
1495 4620 1578 4665 ναι
1608 4592 1797 4681 αληθως
1832 4590 2080 4689 (separor,
2119 4614 2243 4687 augu·.

190 4690 259 4764 rari
287 4718 441 4787 nequeo.
510 4690 557 4762 ld
589 4688 715 4763 saltem
740 4689 873 4763 addere
905 4692 1028 4783 liceat,
1071 4694 1287 4765 Gadiaaam
1314 4692 1413 4765 bunc
1442 4694 1612 4767 codicem
1640 4693 1778 4793 optime
1807 4692 2075 4784 conservatum,
2114 4710 2151 4769 et
2180 4690 2241 4767 ob.

190 4794 458 4892 huncquoque
487 4793 665 4867 rationem
688 4793 726 4863 iu
753 4794 869 4892 pretio
895 4793 1105 4867 babendum
1131 4794 1244 4919 else,0

293 4896 525 4994 Disputatum
548 4894 598 4967 ell
624 4894 669 4967 de
692 4916 837 4968 auctore
860 4895 969 4969 buius
989 4900 1253 4993 Elrrnologict,
1288 4896 1376 4973 litue
1400 4890 1574 4971 nimirum
1598 4900 1747 4973 Photiue
1770 4902 2127 4995 Constantinopoleoe
2148 4903 2236 4973 Pa-

186 5002 354 5074 triorche
365 5052 379 5087 ,
417 5026 485 5071 nec
513 4994 586 5071 ne‘l
629 4997 729 5071 luter
755 5024 881 5071 omnes
906 4997 1059 5095 conllat,
1101 5004 1264 5075 Gadium
1289 5024 1474 5077 auctorem
1502 5003 1622 5102 operis
1644 5005 1815 5077 emtam
1839 5000 2050 5095 venditasse,
2093 5000 2235 5103 sibique

231 5194 286 5265 15)
307 5190 396 5251 Teste
415 5188 563 5249 Fabricio
572 5228 583 5257 ,
602 5186 641 5251 Τ.
656 5189 694 5248 Χ.
713 5210 744 5271 p.
764 5191 814 5250 51.
1073 5240 1081 5251 .
1234 5192 1337 5255 bliotlt.
1369 5198 1475 5256 Brom.
1498 5196 1579 5261 Νον.
1608 5192 1696 5275 Cloffi
1723 5197 1760 5258 V.
1794 5192 1884 5275 Fosc.
1908 5194 1949 5257 11.
1981 5218 2015 5277 p.
2043 5162 2237 5258 aeoscmf.

230 5278 285 5361 16)
309 5276 393 5339 Bibl.
417 5274 513 5337 coel.
536 5296 566 5353 p.
589 5272 662 5337 238.
685 5286 717 5335 et
739 5298 769 5357 p.
793 5280 865 5356 499.
886 5274 946 5357 seq.
1233 5281 1359 5345 eretria.
1382 5280 1464 5341 Bttl.
1489 5280 1546 5347 Gr.
1566 5282 1602 5341 T.
1624 5280 1677 5347 lx.
1697 5304 1728 5363 p.
1744 5282 1816 5344 ⁵66.
1837 5284 1898 5364 seq.

232 5364 286 5461 1⁸7)
308 5362 379 5441 Peg.
396 5360 469 5425 504.
493 5360 533 5418 ad
554 5360 627 5439 507.
651 5360 775 5423 Prodiit
794 5360 961 5443 Catalqgus
981 5360 1035 5423 hic
1055 5364 1191 5443 Batnae,
1281 5368 1331 5449 tq)
1354 5369 1390 5471 'in
1414 5364 1560 5430 Biblioth.
1583 5367 1852 5430 Bibliothecaram
1873 5366 1969 5432 MSS.
1988 5366 2090 5430 Novo.
2111 5388 2142 5449 p.
2159 5367 2236 5443 307.
2261 5360 2272 5371 ¹

191 5454 287 5613 Uis)
307 5450 440 5595 l’ioisct.
460 5530 560 5593 Erud
572 5525 663 5613 Lt'ps
679 5532 788 5617 Suppl.
809 5532 911 5599 'r.v1.
932 5556 965 5619 p.
984 5534 1058 5599 253.
1080 5550 1114 5600 et
1132 5538 1192 5601 Bt.
1234 5453 1265 5529 b,
1278 5455 1333 5622 aaz)
1357 5453 1507 5603 bestiae.
1534 5538 1657 5609 cotrltn.
1678 5562 1710 5624 p.
1729 5541 1802 5625 496.
1823 5540 1884 5623 seq.
